3106 4932
792 534 838 550 ..
856 456 905 568 '94
926 537 972 549 -

375 641 429 712 hic
442 644 564 732 agitur,
582 639 758 711 formarum
769 644 946 738 viventium
957 639 1166 712 mutationem
1182 644 1388 711 intueamur:

376 751 429 820 hic
444 751 680 820 evidentissime
695 755 993 840 patetnontantum
1006 773 1061 820 eas
1076 753 1163 820 vires
1172 755 1205 820 et
1220 753 1388 832 essentias,

376 861 490 948 quibus
499 881 635 948 corpora
650 881 706 929 seu
718 861 859 928 inanima
874 883 931 930 seu
942 862 1086 929 viventia
1102 864 1270 949 reguntur,
1286 883 1326 928 ex
1336 861 1392 928 illo

376 969 523 1056 imperio,
544 970 628 1057 quod
647 969 688 1037 ab
702 969 914 1062 invisibilibus
937 969 1049 1038 formis
1070 973 1104 1038 et
1127 969 1271 1038 adivina
1285 973 1392 1037 mente

275 1123 279 1132 -
376 1077 609 1165 proficiscitur,
630 1099 797 1160 emanare,
819 1080 875 1147 sed
897 1079 938 1147 ab
962 1079 1074 1147 eadem
1090 1080 1188 1148 etiem
1209 1079 1317 1147 altiori
1338 1100 1391 1146 ac-

376 1185 465 1256 tione
481 1185 541 1254 has
553 1207 723 1275 corporum
733 1188 820 1256 vires
836 1192 870 1256 et
880 1192 1016 1256 naturas
1026 1209 1121 1277 posse
1132 1187 1306 1259 immutari.

421 1296 502 1364 Haec
517 1297 581 1366 erit
605 1298 706 1386 igitur
720 1296 816 1386 hujus
839 1297 1064 1385 disputationis
1079 1297 1241 1366 conclusio
1257 1302 1291 1365 et
1305 1318 1392 1366 sum·

376 1424 452 1472 me:
471 1406 579 1472 omnia
593 1425 703 1474 rerum
717 1405 893 1474 viventium
914 1407 1073 1495 principia
1091 1407 1126 1473 in
1141 1406 1250 1474 divina
1264 1406 1322 1473 illa
1335 1426 1392 1473 na-

377 1519 453 1581 tura
471 1515 642 1594 contineri,
660 1517 729 1582 tum
744 1515 901 1584 latissime
918 1519 1067 1604 patentes
1082 1535 1237 1603 generum
1257 1515 1390 1594 formas,

358 1679 361 1688 ,
376 1627 447 1691 tum
461 1623 538 1691 vitae
553 1624 789 1711 progressionis
804 1624 904 1712 leges,
923 1627 994 1693 tum
1009 1624 1107 1692 etiam
1125 1623 1393 1713 delinita-specie-

376 1751 449 1799 rum
464 1731 621 1819 exempla.
640 1733 714 1801 Non
731 1733 866 1800 enimin
881 1732 1076 1820 simplicibus
1088 1736 1122 1800 et
1137 1733 1177 1801 ab
1190 1733 1278 1801 omni
1292 1755 1392 1800 mem-

376 1837 508 1908 brorum
519 1860 671 1912 mensure
683 1840 834 1928 sejunctis
846 1838 959 1929 liguris
971 1841 1074 1930 magis
1089 1840 1176 1908 inest
1189 1841 1393 1929 pulchritudo

378 1969 474 2035 quam
503 1949 538 2016 in
561 1948 775 2018 determinato
802 1949 902 2017 totius
929 1950 1072 2036 corporis
1099 1949 1212 2018 habitu
1242 1955 1394 2037 certaque

378 2057 519 2145 partium
537 2057 769 2145 proportione,·
790 2078 966 2144 rursusque
982 2058 1051 2125 sine
1071 2058 1233 2126 destinato
1247 2059 1395 2128 vitalium

376 2165 665 2234 instrumentorum
679 2187 740 2234 usu
764 2166 805 2232 ed
820 2166 964 2252 privatas
978 2167 1108 2238 vivendi
1126 2166 1324 2236 conditiones
1339 2188 1393 2236 ac·
1517 2179 1518 2192 ¹

380 2274 665 2354 commodaturum,
679 2273 753 2341 finis
768 2277 864 2361 atque
880 2274 991 2361 optimi
1006 2276 1149 2342 rationes
1165 2296 1322 2363 apparere
1336 2298 1394 2344 ne·

246 2471 254 2485 X
379 2387 511 2472 queunt.
529 2381 641 2470 Neque
665 2383 763 2450 etiam
785 2404 805 2449 a
826 2382 1004 2469 specierum
1023 2388 1140 2452 natura
1160 2385 1304 2471 separari
1318 2407 1392 2472 pos-

370 2496 456 2588 ·sunt
471 2513 518 2560 cae
538 2511 660 2559 normae
677 2491 789 2578 quibus
805 2491 981 2559 formarum
996 2493 1031 2559 in
1048 2492 1216 2560 materiam
1231 2497 1320 2561 ratos
1335 2513 1395 2580 per
1516 2475 1517 2514 ³

378 2601 497 2689 gradus
516 2601 659 2670 inductio
681 2599 834 2688 regitur:
860 2601 977 2688 quippe
998 2622 1134 2687 quarum
1147 2601 1181 2669 vi
1197 2603 1390 2682 necessaria,
1516 2635 1517 2638 ¹

377 2710 563 2788 multorum,
582 2730 653 2796 quea
669 2709 703 2776 in
718 2710 918 2797 singulorum
941 2709 1151 2777 animantium
1171 2710 1393 2798 descriptioni·

376 2814 436 2886 bus
460 2817 756 2897 animadvertimus,
779 2819 865 2885 ratio
891 2817 1056 2886 reddenda
1079 2818 1133 2897 sit,
1161 2839 1232 2904 quac
1256 2820 1297 2886 ad
1316 2840 1392 2914 prof

377 2926 484 3014 prium
504 2925 633 2995 vivendi
660 2947 761 3014 genus
783 2947 1022 3013 supervacanea
1040 2925 1222 3006 videantur,
1242 2926 1299 2993 sed
1319 2927 1392 2994 aliis

378 3034 521 3123 ejusdem
536 3035 632 3102 seriei
648 3034 818 3122 generibus
835 3038 892 3102 aut
908 3038 1006 3101 antee
1021 3035 1114 3119 ortis,
1133 3038 1190 3102 aut
1209 3040 1322 3122 postca
1342 3035 1358 3101 f
1377 3073 1391 3084 -

377 3142 460 3210 turis
475 3143 578 3211 utilia.
596 3143 691 3210 Illum
707 3143 793 3209 enim
808 3142 950 3209 omnium
965 3140 1074 3209 r'crum
1089 3143 1236 3210 ordinem
1251 3144 1293 3211 ad
1309 3144 1392 3230 epti*

377 3269 465 3318 mum
491 3251 646 3337 paulatim
672 3249 909 3328 ascendentem,
940 3270 1034 3335 quem
1061 3250 1274 3336 inpraesenti
1304 3256 1394 3320 statu

378 3357 555 3446 perfectum
589 3362 685 3445 atque
711 3357 943 3426 immutabilem
974 3365 1145 3427 censuerat
1171 3360 1391 3440 Aristoteles,

377 3485 465 3534 nunc
485 3466 665 3555 intelligere
689 3471 817 3553 oportet
839 3472 875 3535 ut
891 3471 1056 3555 ,perpetuo
1077 3473 1274 3537 crescentem
1296 3473 1393 3556 atque

380 3575 626 3654 adolescentem,
646 3595 833 3662 semperque
857 3574 898 3643 ad
913 3576 1047 3643 meliora
1060 3576 1215 3662 temporis
1239 3596 1299 3664 ope
1320 3596 1395 3664 pro·

380 3684 546 3752 cedentem
561 3710 570 3753 z
588 3683 677 3772 cujus
696 3684 930 3772 progressionis
950 3705 1064 3753 causas
1079 3690 1113 3753 et
1129 3684 1217 3772 leges
1233 3705 1253 3752 a
1268 3707 1393 3754 summo

326 3819 331 3830 ·
378 3793 481 3904 omnis
497 3793 572 3860 boni
587 3793 742 3880 principio
757 3815 888 3860 necesse
900 3797 950 3861 est
965 3814 1126 3860 emanare.
