3106 4932
774 483 954 548 ...80-

355 642 464 689 rerum
481 627 675 706 aeternarum
692 626 725 690 et
744 620 993 712 intelligibilium
1009 625 1126 692 seriem
1147 627 1287 696 ostendit
1306 655 1313 694 :
1333 631 1372 696 de

355 731 458 798 altera
474 731 692 818 geometriam,
708 731 748 798 de
760 733 864 800 altera
875 739 982 802 autern
996 733 1194 802 dialecticam
1209 739 1368 817 tractare;

355 861 425 926 quae
442 861 558 928 magno
581 840 762 908 discrimine
779 847 981 929 separantur.
1002 845 1123 910 Eorum
1144 844 1229 910 enim
1252 866 1322 931 quae
1338 847 1372 912 in

353 951 555 1037 geometricis
579 951 841 1048 demonstrantur
864 953 985 1019 veritas
1011 953 1137 1039 quidem
1164 954 1371 1022 immutabilis

354 1062 539 1146 aeternaque
563 1063 709 1139 constat;
737 1061 793 1127 sed
817 1061 910 1129 istius
939 1061 1067 1148 generis
1093 1063 1325 1132 demonstratio
1353 1065 1398 1130 a·

322 1209 325 1214 -
353 1169 526 1255 suppositis
548 1169 736 1254 quibusdam
753 1191 879 1257 semper
900 1169 1124 1257 proficiscitur,
1151 1171 1286 1258 ideoque
1307 1193 1372 1239 non

352 1297 461 1344 rerum
482 1297 558 1344 vere
579 1277 785 1346 existentium
806 1299 934 1356 causae,
959 1279 1014 1346 sed
1036 1281 1236 1364 necessarias
1262 1301 1372 1350 eorum

353 1405 423 1471 quae
447 1383 518 1452 esse
540 1392 675 1472 possunt
690 1375 888 1456 c'onditiones
913 1389 1190 1475 proprietatesque
1213 1391 1368 1459 declarat.

351 1494 396 1560 At
411 1494 445 1559 in
465 1494 631 1563 dialectica
646 1517 808 1583 germanae
824 1496 1031 1582 inquiruntur
1046 1499 1211 1576 essentiae,
1238 1519 1372 1584 quarum

351 1601 384 1669 vi
399 1607 432 1670 et
455 1603 629 1688 praeseutia
653 1609 728 1672 sunt
751 1606 859 1671 omnia
883 1627 954 1692 quae
980 1606 1014 1672 in
1037 1608 1098 1674 hoc
1122 1608 1372 1694 mund0,‘quem

353 1711 451 1777 oculis
483 1713 662 1792 cernimus,
693 1719 890 1800 generantur
918 1719 950 1782 et
977 1715 1136 1782 accidunt.
1166 1716 1236 1782 Illae
1263 1737 1372 1784 rerum

351 1841 428 1887 vere
451 1821 694 1900 exsistentium,
720 1823 777 1888 sed
798 1821 1016 1902 mutabilium,
1041 1824 1207 1891 uerissime
1229 1825 1371 1892 existen-

352 1932 402 1994 tes
431 1928 706 2016 immutabilesque
734 1951 840 1997 oausae
860 1932 957 1998 nullis
990 1953 1030 1997 ex
1054 1933 1227 2019 suppositis
1259 1953 1370 2000 conse-

353 2040 505 2122 quuntur,
525 2038 581 2104 sed
596 2061 638 2105 ex
653 2039 809 2106 altissimo
825 2040 981 2126 principio
997 2045 1141 2130 manant,
1162 2042 1245 2127 quod
1261 2062 1319 2127 per
1337 2063 1372 2108 se

256 2163 259 2172 ·
352 2147 535 2214 necessario
564 2152 597 2215 et
622 2147 741 2234 absque
767 2148 834 2214 ulla
861 2148 1041 2215 conditione
1066 2149 1230 2228 subsistit;
1255 2172 1371 2238 nempe

353 2275 512 2322 asumma
532 2256 608 2322 boni
628 2255 703 2322 idea
725 2260 758 2322 et
780 2256 820 2322 ab
843 2257 997 2325 absolutis
1016 2257 1153 2344 pulchri,
1171 2261 1252 2345 Justi
1272 2261 1371 2326 hone-

353 2363 456 2450 stique
478 2363 601 2445 formis,
623 2386 694 2451 quae
711 2364 750 2430 ab
766 2365 822 2430 illa
844 2366 955 2452 optimi
975 2365 1170 2452 perfectione
1185 2387 1250 2435 non
1266 2388 1371 2436 secer·

351 2477 483 2541 nuntur.
1294 2481 1296 2490 ’

397 2583 473 2648 Tria
481 2583 580 2669 igitur
591 2582 736 2650 idearum
748 2604 880 2670 genera,
893 2584 921 2650 si
933 2585 1079 2652 Platonis
1092 2586 1272 2663 doctrinam
1284 2590 1371 2654 recte

350 2690 558 2777 interpretari
575 2695 608 2758 et
618 2673 763 2778 judicare
779 2693 938 2770 volumus,
954 2692 1181 2782 distinguenda
1197 2699 1283 2762 sunt.
1303 2695 1373 2761 Pri-

203 2795 205 2804 ‘
265 2839 267 2848 κ
351 2822 439 2867 mum
466 2800 593 2886 quidem
623 2802 845 2888 complectitur
868 2823 978 2869 rerum
1005 2803 1204 2890 possibilium
1232 2807 1371 2871 aeternas

351 2910 473 2997 species
488 2910 749 2996 necessariasque
764 2912 868 2999 legeS,
888 2916 925 2979 ut
937 2912 1066 2990 circuli,
1091 2914 1372 2999 sphaerae,·nume-

351 3039 477 3096 rorum,
505 3019 618 3104 quibus
642 3025 749 3087 certos
776 3020 864 3086 intra
891 3021 1009 3086 limites
1037 3021 1212 3088 includitur
1239 3020 1372 3106 quodvis

352 3127 508 3194 efficiendi
523 3109 671 3206 facultas}
690 3129 736 3196 ita
751 3133 787 3196 ut
802 3129 863 3194 hoc
879 3128 950 3194 fieri
965 3134 1105 3214 nequeat
1120 3131 1197 3216 quin
1219 3129 1299 3195 illud
1314 3150 1371 3196 an-

350 3240 405 3306 tea
420 3225 538 3302 facturn
555 3237 608 3315 sit,
627 3242 683 3305 aut
699 3238 793 3303 simul
809 3241 926 3317 exstet,
942 3242 998 3305 aut
1013 3243 1127 3324 postea
1143 3241 1369 3324 consequatur.

352 3347 432 3411 Haec
447 3348 496 3411 est
511 3346 687 3412 necessitas
703 3366 798 3431 quarn
813 3346 1054 3434 hypotheticam
1073 3344 1215 3435 appellat
1230 3347 1373 3414 Leibnit-

352 3454 436 3534 zius,
456 3475 525 3540 qnae
542 3437 600 3541 per
625 3476 659 3521 se
674 3454 754 3520 nihil
771 3456 854 3542 agit,
873 3457 929 3523 sed
951 3458 1077 3545 agentis
1093 3458 1247 3545 potentiae
1262 3456 1372 3524 termi-

352 3585 412 3630 nos
428 3563 559 3641 statuit3
577 3564 648 3631 haec
669 3568 719 3630 est
734 3568 865 3631 aeternae
890 3567 1038 3633 ueritatis
1054 3567 1160 3654 regio,
1180 3587 1251 3652 qnae
1267 3565 1372 3632 infini-

268 3673 270 3682 ‘
335 3667 337 3672 ’
352 3677 420 3740 tam
435 3693 628 3758 rerumquae
645 3695 714 3740 esse
727 3679 861 3760 possunt
872 3675 1109 3743 multitudinem
1122 3679 1155 3742 et
1167 3675 1369 3752 uarietatem,

353 3781 486 3867 ideoque
513 3781 590 3847 mali
612 3785 645 3848 et
667 3781 808 3849 defectus
830 3804 960 3850 cansam
990 3785 1144 3850 continet.
1172 3785 1253 3850 Haec
1275 3784 1310 3849 in
1333 3782 1372 3848 iis

247 3947 250 3956 ,
354 3889 535 3956 Academiae
551 3891 695 3978 placitis,
722 3913 793 3978 quae
813 3899 935 3987 ἄγραφα
951 3889 1089 3984 δόγματα
1108 3893 1170 3960 dici
1190 3893 1306 3972 solent,
1325 3890 1372 3960 ui·

355 3999 472 4065 dentur
487 4014 558 4066 esse
573 4003 612 4065 τὰ
628 4003 834 4088 μαθηματικά.
925 4088 928 4097 Ι

401 4107 580 4176 Secundum
595 4129 673 4186 uero
689 4129 803 4198 genoe,
822 4109 905 4197 quod
917 4111 1012 4202 longe
1025 4131 1122 4201 super
1137 4115 1256 4180 caetera
1271 4108 1373 4200 digui-
