3134 4938
558 463 768 558 ³4⁷-

170 613 409 701 gencrationem
421 603 488 676 iere
501 610 636 676 similem
656 631 726 676 esse
742 611 918 697 iisdemque
933 610 1056 698 legibus
1071 629 1185 696 parere

169 722 288 813 optime
303 720 384 786 vidit
396 717 442 809 (1)
459 745 466 796 ;
482 721 577 804 atque
590 739 629 784 ea
640 719 737 800 etiam
750 739 832 804 quae,
847 719 936 785 velut
947 719 1085 796 insecta3
1101 719 1187 806 priu-

169 830 251 916 cipio
273 827 459 914 imperfecta
480 832 656 917 nascuntur
678 827 861 914 figurasque
882 827 985 893 serius
1002 830 1147 906 mutant,
1168 848 1187 894 a

171 942 351 1004 ceterorum
371 935 599 1003 consuetudine
615 935 677 1004 hoc
695 939 822 1002 tantum
839 934 969 1002 differre
985 939 1088 1022 putat,
1105 936 1186 1022 quod
1236 985 1267 1022 s.

173 1066 234 1112 ova
249 1045 342 1128 citius
358 1046 456 1111 edant
471 1044 655 1120 immatura,
675 1043 844 1128 exquibus
861 1045 985 1129 prolem
997 1044 1086 1111 brevi
1102 1044 1190 1110 exire

174 1174 303 1220 necesse
319 1153 372 1229 sit,
391 1156 429 1218 ut
443 1153 566 1218 moveri
581 1151 713 1238 incipiat
728 1156 762 1218 et
777 1151 871 1218 extus'
888 1137 1002 1218 escamx
1011 1156 1113 1240 petat,
1131 1172 1189 1219 au-

97 1261 98 1264 ’
173 1259 302 1348 tequam
313 1260 615 1348 transfigurationes
627 1261 787 1327 universis
803 1261 974 1349 generibus
986 1265 1075 1330 ratas
1087 1260 1191 1327 absol-

173 1371 280 1448 verit;
300 1371 356 1436 sed
379 1391 418 1436 ea
438 1390 551 1435 rursus
574 1369 607 1434 iu
631 1369 793 1458 nymphis,
820 1370 911 1455 quasi
931 1370 965 1436 in
980 1370 1091 1437 alteris
1107 1371 1188 1448 oviS,

175 1479 332 1546 advitam
347 1478 541 1544 immobilem
556 1477 674 1556 redire,
695 1497 755 1563 quo
771 1479 896 1564 possint
908 1477 949 1546 ad
961 1478 1107 1546 ultimam
1119 1498 1191 1565 spe-

175 1588 236 1680 ciei
254 1587 390 1654 formam
401 1587 552 1674 progredi
567 1585 759 1664 ;nobiliores
774 1591 887 1654 contra
899 1586 1079 1654 animantes
1098 1609 1192 1655 ovum

176 1695 354 1783 perlectum
371 1716 539 1783 generare,
558 1695 592 1762 in
608 1715 669 1782 quo
690 1699 805 1780 parata
821 1695 882 1764 cibi
898 1697 990 1782 copia
1006 1695 1143 1766 sufficiat
1157 1701 1194 1764 ut

177 1808 252 1872 rata
271 1804 484 1872 mutationum
505 1795 605 1870 series
620 1805 723 1890 possit
738 1805 771 1870 in
792 1825 829 1870 eo
846 1805 998 1890 compleri
1014 1805 1194 1891 animalque

177 1914 355 2002 perfectum
386 1913 475 1980 exire
507 1911 566 2004 (2).
601 1914 723 1980 Deinde
753 1919 864 1982 censet
893 1914 1099 2003 embryonem
1130 1936 1195 1982 non

178 2024 346 2092 confestim
361 2043 381 2088 a
396 2023 498 2109 primo
514 2028 620 2110 motus
632 2022 835 2111 informantis
850 2009 941 2090 initio
954 2025 1117 2111 propriam
1129 2045 1195 2092 suaa

177 2133 297 2220 speciei
317 2136 479 2208 naturam,
504 2131 560 2198 sed
583 2132 672 2218 prius
688 2133 938 2199 communiorem
960 2133 1085 2201 altioris
1102 2155 1196 2220 gene-
1235 2113 1240 2121 ¹

180 2241 226 2326 ris
249 2240 488 2308 similitudinem
508 2239 663 2326 accipere,
687 2241 909 2336 gradatimque
930 2241 1117 2308 inferiorum
1141 2263 1195 2329 ge-

181 2369 294 2431 nerum
318 2347 527 2421 differentias,
561 2348 661 2415 donec
691 2349 732 2426 ad
763 2349 926 2429 ultimam,
957 2371 1028 2436 quae
1059 2351 1197 2436 speciem

182 2458 360 2536 constituit,
387 2456 602 2524 differentiam
617 2455 796 2544 perveniat.
816 2459 889 2526 Non
906 2458 1012 2534 simul,
1032 2459 1089 2535 ait,
1109 2461 1142 2524 et
1164 2458 1198 2524 iu

183 2567 295 2632 eodem
308 2571 452 2652 tempore
477 2565 597 2632 animal
612 2565 698 2652 litet
720 2565 827 2643 homo,
846 2585 948 2651 ueque
965 2567 1059 2632 simul
1080 2566 1199 2632 animal
1225 2649 1233 2658 ε

186 2676 219 2740 ct
231 2693 328 2758 equus
349 2670 407 2766 (3)
426 2674 581 2752 Primum,
600 2674 722 2760 plantae
740 2673 868 2752 similis,
888 2694 958 2740 eam
975 2675 1114 2742 animam
1129 2679 1200 2742 tan·

186 2786 255 2848 tum
276 2781 419 2868 possidet
441 2803 511 2868 quae
535 2782 712 2869 perfectum
736 2803 852 2870 corpus
867 2782 1038 2851 nutriendo
1055 2781 1195 2870 augebit,

185 2911 270 2957 nunc
286 2895 393 2958 autem
408 2890 592 2958 inchoatum
607 2890 760 2958 informat
775 2887 822 2980 (4)
839 2919 846 2969 ;
865 2891 950 2969 dein,
964 2895 1109 2978 tempore
1124 2912 1199 2979 pro-

185 3000 330 3078 cedente,
350 3020 421 3066 eam
438 3021 500 3085 qua
516 2999 682 3077 sentimus
696 2989 735 3066 ‘et
750 2999 885 3085 denique
900 3003 1041 3067 mentem
1057 3001 1202 3086 acquiret

186 3107 245 3199 (5).
269 3111 411 3186 Quarum
433 3112 543 3175 tamen
564 3108 756 3196 aprincipio
772 3129 916 3196 praesens
935 3109 1016 3175 latet
1037 3109 1198 3188 facultas;
1248 3124 1250 3134 ‘

185 3211 251 3285 non
274 3209 359 3284 enim
374 3207 471 3285 aliter
490 3207 663 3285 informari
674 3221 783 3304 posset
806 3237 921 3306 corpus
946 3239 1010 3284 uon
1030 3218 1134 3287 solum
1160 3218 1201 3285 ad

223 3514 256 3583 (1)
276 3511 370 3574 Πάντα
382 3511 411 3574 δὲ
432 3513 476 3573 καὶ
496 3511 591 3575 πλωτὰ
609 3514 654 3574 καὶ
672 3511 737 3598 πεζὰ
760 3513 805 3574 καὶ
825 3497 925 3589 urard,
949 3514 1000 3576 εἴτε
1026 3517 1202 3589 inmersisse,

187 3610 204 3685 ἢ
219 3613 384 3687 ὦοτοκεῖται,
400 3611 497 3693 ὁμοίως
509 3611 618 3692 γίνεται.
634 3610 704 3671 Hisl.
719 3609 810 3668 anim.
817 3651 828 3678 ,
838 3614 897 3684 vll,
914 3615 940 3669 7.
1100 3607 1102 3622 '

225 3738 258 3802 lul
277 3738 317 3794 ue
328 3749 428 3809 gener.
439 3735 599 3809 auim„111‚
613 3738 640 3794 9.
712 3734 719 3740 '
748 3735 755 3746 ‘
808 3755 810 3762 ⁴

226 3853 259 3918 (3)
281 3854 435 3925 Degener.
451 3850 553 3922 anim„
564 3853 599 3923 11,
614 3853 640 3908 3.

225 3967 258 4038 ur
276 3952 366 4047 mm,¹
378 3981 405 4025 ο.
421 3970 449 4025 a.

230 4082 263 4152 (5)
281 4079 369 4155 lbid.,
383 4096 411 4140 c.
422 4084 450 4140 3.
