3106 4932
585 499 765 570 ——·93..--
853 493 856 510 ·

168 645 414 735 intelligentiam
429 647 535 714 motus
550 649 677 716 tantum
692 668 765 716 esse
776 648 989 726 causam‚'sed
1001 647 1098 716 etiam
1113 648 1182 736 pul-

167 755 407 824 chritudiniset
420 755 573 844 perlecta
599 777 708 824 rerum
735 755 973 843 compositionis
1003 756 1114 835 docet;
1141 757 1183 826 a'd

168 883 239 932 eam
259 865 400 932 omnium
417 865 640 933 exsistentium
659 886 696 932 ac
707 866 877 952 ‘praecipue
896 864 1073 934 viventium
1097 865 1182 934 ordi-

117 971 118 974 ’
166 974 430 1060 nempertinere,
465 996 548 1061 quae,
575 993 755 1061 quanquam
775 973 902 1042 diverse
924 975 1109 1056 constituta,
1128 975 1184 1041 ali·

168 1102 264 1168 quam
283 1087 392 1151 tamen
407 1085 493 1154 inter
513 1105 548 1151 se
564 1083 825 1151 communitatem
845 1082 967 1152 habent
979 1088 1012 1152 et
1029 1085 1070 1150 ad
1086 1104 1184 1152 unum

167 1189 287 1278 aliquid
310 1197 486 1280 spectant:
522 1195 630 1258 Πάντα
654 1190 901 1262 δὲ,συντὲτακταί
929 1217 1003 1272 πως,
1032 1191 1101 1258 ἀλλ’
1128 1191 1184 1282 οὐχ

167 1302 289 1386 ὁμοίως,
310 1305 360 1368 καὶ
378 1301 502 1382 πλωτὸς
513 1305 564 1368 καὶ
580 1304 687 1382 πτηνὰ,
702 1305 753 1368 καὶ
769 1305 858 1392 φυτά·
878 1305 929 1367 καὶ
942 1300 998 1390 οὐχ
1014 1298 1184 1391 οὔτωςὲχει

167 1407 244 1474 ὥστε
261 1411 301 1497 μὴ
314 1407 390 1476 εἶναι
412 1410 524 1503 Θατέρῳ
543 1411 615 1503 πρὸς
632 1413 751 1502 θάτερον
768 1407 869 1498 μηδὲν,
886 1409 952 1475 ἀλλ’
968 1413 1091 1480 ἔσται·
1112 1411 1184 1505 πρὸς

168 1515 293 1611 μὲνγὰρ
310 1517 339 1584 ἓν
354 1521 474 1586 ἅπαντα
491 1521 686 1586 συντέτακται
705 1517 771 1610 (1);
797 1541 837 1586 ex
856 1521 917 1587 hac
933 1539 1029 1586 causa
1044 1520 1184 1606 pendere

166 1627 320 1695 mundum
344 1650 533 1715 omnemque
562 1634 736 1696 naturam:
764 1631 818 1694 Ἐκ
839 1627 975 1703 τοιαύτης
1006 1634 1064 1720 ἄρα
1088 1631 1184 1720 ἀρχῆς

165 1740 289 1827 ἤρτηται
305 1742 320 1800 ὁ
336 1736 457 1831 ᾳύρανὸς
476 1743 526 1802 καὶ
549 1741 566 1812 ἡ
588 1737 675 1828 φύσις
696 1736 755 1828 (2).
776 1738 838 1805 Sed
853 1737 1101 1824 illiustprinoipii
1116 1735 1200 1806 effir

166 1835 318 1902 alentiam
330 1837 396 1904 fere
411 1839 508 1917 tollit,
528 1860 626 1925 quum
642 1838 777 1906 actionis
798 1838 925 1906 initium
940 1859 961 1903 a
975 1837 1105 1904 naturis
1115 1857 1183 1904 ma-

165 1935 258 2002 terias
270 1937 487 2023 junctis‚·non
506 1938 546 2004 ab
567 1938 758 2005 immutabili
779 1938 835 2004 illa
849 1937 924 2005 boni
948 1941 1066 2004 natura
1086 1937 1182 2024 profi·

165 2045 242 2110 cisni
258 2046 386 2114 videtur
401 2046 534 2135 fingere.
546 2047 701 2114 Mundum
717 2048 757 2114 ab
773 2048 828 2114 illo
844 2046 1019 2116 moveriait
1030 2047 1116 2113 haud
1132 2067 1182 2114 se-

166 2173 222 2218 cus
243 2173 280 2220 ac
296 2155 434 2222 hominis
450 2175 542 2224 mens
562 2156 737 2243 impellitur
760 2156 835 2223 boni
857 2143 1016 2243 cupidine,
1034 2155 1118 2241 quod
1133 2156 1182 2224 in-

155 2260 284 2348 telligit
305 2267 338 2330 et
355 2265 488 2351 expetit.
513 2265 562 2331 Ac
579 2262 717 2331 fortasse
736 2265 863 2351 quidem
879 2264 921 2331 ad
935 2263 1014 2331 illud
1036 2264 1182 2331 attende-

166 2374 230 2447 rat,
250 2371 389 2439 animum
416 2373 586 2460 aliquando
609 2374 768 2443 moveria
789 2373 976 2470 quibusdam
1003 2372 1128 2458 pulchri
1151 2379 1184 2442 et

168 2475 275 2545 decori
292 2481 403 2572 formis
421 2503 502 2568 quas
517 2503 582 2548 non
594 2482 731 2550 dilucide
744 2484 847 2563 novit,
866 2487 902 2550 ut
917 2486 1020 2569 poetae
1033 2485 1067 2548 et
1081 2481 1182 2549 artifi-

155 2606 220 2682 ces
232 2587 265 2652 in
281 2589 427 2655 creandis
439 2590 588 2677 operibus
604 2590 711 2657 divino
728 2591 843 2677 spiritu
858 2591 1003 2659 instincti
1018 2585 1188 2670 ridentur,¹

169 2713 339 2782 omnesque
356 2698 490 2765 obscuro
507 2699 644 2784 qdodam
660 2720 767 2776 sensu,
787 2720 852 2766 non
867 2700 956 2766 clara
971 2698 1184 2786 intelligentia

169 2802 242 2886 quid
252 2803 293 2871 sit
307 2805 340 2871 in
352 2808 448 2873 rebus
460 2807 634 2874 formosum
642 2808 842 2895 judicamus;
867 2813 899 2876 et
915 2807 1018 2874 simile
1034 2807 1182 2894 quiddam

167 2912 309 2980 cernitur
323 2914 358 2979 in
373 2915 601 2994 animantibus
621 2937 692 3002 quae
709 2915 851 2983 naturali
868 2917 1012 3003 appetitu
1025 2916 1184 2984 ducuntur

166 3019 302 3088 adfines
319 3043 399 3108 quos
420 3041 506 3110 saepe
527 3045 594 3091 non
609 3031 747 3104 norunt;
774 3026 944 3111 quamdam
956 3013 1068 3112 igitur,
1085 3025 1189 3093 etiam
1243 3017 1245 3022 ’

166 3133 291 3196 remota
308 3133 392 3196 omni
410 3133 604 3220 cognitione,
622 3134 719 3201 rebus
741 3135 846 3200 inesse
862 3135 1101 3221 appetitionem.
1120 3118 1183 3203 Sed

165 3236 230 3304 ista
243 3239 341 3305 etiam
356 3262 421 3307 non
437 3241 620 3322 exsisteret,
635 3244 698 3310 nisi
714 3244 754 3311 ab
766 3242 977 3312 invisibilibus
990 3243 1182 3330 aeternisque

164 3345 230 3412 illis
242 3348 363 3413 normis
380 3331 524 3434 quaedam
536 3351 619 3417 actio
635 3351 903 3438 proficisceretur,
923 3375 993 3438 quae
1009 3375 1063 3420 res
1074 3375 1132 3440 per
1148 3375 1182 3420 se

166 3475 269 3522 caecas
285 3461 319 3523 et
333 3456 452 3524 inertes
471 3459 619 3526 traheret
638 3465 675 3527 et
693 3461 834 3539 duceret,
857 3460 975 3528 nedum
996 3461 1065 3528 fieri
1081 3462 1183 3550 possit

165 3567 202 3630 ut
218 3584 354 3650 corpma
371 3566 473 3632 omnis
494 3587 607 3633 sensus
630 3569 777 3654 expertia
798 3568 839 3635 ad
856 3575 962 3637 certas
978 3568 1097 3635 formas
1113 3574 1182 3636 ten-

166 3667 243 3736 dere
256 3673 375 3755 queant
386 3671 545 3757 certisque
557 3671 682 3760 legibus
698 3693 824 3759 parere,
836 3674 899 3740 nisi
910 3675 971 3740 hac
987 3674 1112 3740 actione
1125 3674 1181 3742 du-

166 3783 327 3847 cerentur.
346 3780 438 3855 Quod
454 3781 571 3848 clarius
590 3780 809 3860 confirmatur,
832 3803 928 3869 quum
940 3783 1045 3863 illam,
1062 3783 1101 3851 de
1117 3804 1179 3870 qua
1226 3831 1230 3840 ·

881 3989 891 4022 Ι
930 4027 935 4036 s

202 4035 236 4102 m
255 4035 327 4095 uu.

203 4144 235 4212 o)
255 4142 339 4217 rma,
353 4144 380 4202 r.
