3134 4938
627 502 808 570 ..29.*

208 647 266 716 sed
279 645 354 734 quia
365 646 400 712 in
410 644 707 734 eju'essentiabaeo
719 645 879 740 elementa
889 644 1072 714 necessario
1083 645 1227 714 contine·
1284 684 1287 690 ·

206 757 339 850 bantur,
355 776 426 842 quae
440 759 551 822 tamen
566 754 768 841 propriarum
782 753 899 840 speciei
913 754 1074 822 rationum
1090 753 1228 822 efficien-

207 865 254 933 tia
264 863 436 952 aliquando
449 847 548 930 celari
562 865 708 950 possunt.

253 974 354 1040 Recte
370 973 471 1060 igitur
487 971 680 1039 Aristoteles
703 992 753 1049 ea,
777 991 848 1057 quae
865 971 1011 1040 omnibus
1026 972 1227 1040 vertebrato-

207 1101 279 1150 rum
301 1081 467 1169 speciebus
491 1080 671 1148 communia
687 1083 774 1158 sunt,
797 1099 837 1146 ex
859 1081 992 1167 propria
1014 1089 1073 1146 τῶν
1099 1080 1227 1169 ἐναίμων

210 1188 298 1275 οὐσίᾳ
315 1187 362 1281 (l)
379 1190 562 1258 necessario
578 1188 736 1278 proficisci
748 1187 916 1275 judicavit.
932 1189 1033 1256 Plura
1047 1195 1156 1257 autem
1170 1191 1230 1257 hu·
1248 1271 1251 1290 ,

205 1300 296 1388 jusce
312 1301 400 1368 modi
424 1297 622 1385 exemplaria
639 1297 764 1364 'ceteris
777 1298 989 1365 animantium
1005 1297 1117 1366 formis
1137 1300 1229 1386 quasi

146 1431 148 1442 ·
210 1408 370 1496 imperare
382 1409 474 1475 vidit.
494 1407 658 1495 Insignem
676 1404 754 1472 ἰδίαν
775 1407 843 1474 siue
859 1405 962 1472 οὐσίαν
978 1427 1089 1474 eorum
1105 1429 1176 1494 quae
1188 1429 1230 1476 ex

211 1517 362 1586 continua
378 1518 570 1584 annulorum
587 1517 670 1582 serie
690 1520 851 1592 constant,
875 1516 1032 1601 praeclare
1051 1516 1227 1594 discrevit;
1287 1590 1290 1594 ,

210 1626 327 1714 quippe
344 1647 415 1712 quae
431 1624 632 1711 expluribus
659 1624 824 1711 principiis
851 1625 1029 1710 composita
1050 1646 1121 1692 esse
1137 1625 1229 1694 dicti-

209 1739 261 1804 tat
276 1733 336 1826 (2),
356 1735 388 1802 id
400 1738 462 1814 est,
481 1757 521 1800 ex
541 1734 682 1820 partium
698 1735 784 1801 inter
800 1755 834 1800 se
850 1733 917 1800 fere
929 1735 1081 1801 similium
1099 1755 1229 1804 concre-
1339 1811 1343 1820 ,

210 1844 310 1923 tione,
336 1843 449 1932 quibus
464 1843 498 1909 in
514 1842 649 1930 singulis
673 1843 780 1909 omnia
798 1842 865 1909 fere
881 1843 1087 1911 continentur
1103 1864 1173 1930 quaa
1189 1843 1231 1910 ad

210 1952 312 2020 vitam
338 1952 522 2018 necessaria
546 1956 639 2030 sunt,
666 1952 713 2019 ita
736 1957 772 2019 ut
802 1951 936 2021 discissa
958 1953 1068 2020 vivere
1090 1953 1228 2040 possint,

211 2061 299 2131 haud
316 2082 407 2130 secus
424 2081 461 2126 ac
477 2060 611 2146 plantae.
628 2060 720 2128 Vidit
740 2065 901 2146 praeterea
919 2061 1075 2146 quomodo
1090 2083 1231 2130 commu·

212 2171 263 2240 nis
278 2171 350 2238 haec
364 2169 471 2256 figura
483 2169 618 2236 diversis
634 2169 668 2235 in
689 2169 854 2255 speciebus
868 2170 987 2238 mutari
1007 2176 1128 2257 posset,
1152 2193 1230 2258 quo-

213 2281 307 2348 modo
323 2280 479 2346 immensa
490 2279 547 2344 illa
561 2278 752 2346 annulorum
764 2278 943 2365 pedumque
959 2279 1140 2359 multitudo,
1160 2300 1231 2366 quae

214 2388 245 2456 in
263 2388 481 2474 scolopendris
496 2392 643 2473 apparet,
659 2387 819 2474 gradatim
835 2388 1045 2466 minueretur,
1065 2393 1098 2456 et
1112 2389 1153 2454 ad
1166 2410 1233 2456 cer·
1251 2425 1254 2430 ,

213 2501 282 2564 tum
298 2498 489 2564 annulorum
502 2497 630 2563 modum
647 2517 803 2582 senosque
815 2497 913 2583 poles
929 2497 1132 2584 redigeretur
1146 2498 1180 2563 in
1192 2497 1242 2568 iis.

215 2605 345 2672 insectis
357 2625 427 2691 quae
444 2605 486 2670 ad
504 2605 677 2672 volandum
687 2595 773 2690 ‘apta
788 2607 874 2681 sunt,
889 2604 988 2671 itaut
1002 2603 1119 2690 pedum
1135 2605 1231 2672 amis·

217 2711 265 2778 sio
280 2713 402 2780 alarum
417 2713 599 2810 accessione
615 2714 879 2799 compensaretur
891 2710 950 2802 (3).
1021 2709 1024 2718 ’
1233 2791 1238 2798 ¹

261 2823 345 2909 Apte
361 2823 456 2892 etiam
473 2823 642 2912 descripsit
657 2823 861 2909 conspicuam
883 2823 971 2890 illam
987 2827 1021 2890 et
1032 2822 1073 2891 ab
1085 2822 1231 2890 omnibus

214 2930 286 3000 aliis
301 2931 574 3001 distinctissimam
588 2936 785 3001 structuram
812 2940 871 2998 τῶν
892 2929 1050 3019 μαλακίων
1066 2929 1135 3021 (4);
1154 2952 1231 3018 quo-

214 3061 286 3108 rum
301 3041 446 3108 membra
460 3061 536 3119 non,
555 3045 591 3110 ut
603 3041 637 3110 in
652 3041 769 3108 ceteris
786 3039 989 3118 animalibus,
1015 3039 1099 3107 infra
1122 3043 1156 3107 et
1180 3061 1232 3108 su-

214 3171 343 3237 proper
357 3151 451 3237 paria
466 3149 622 3237 disposita
637 3154 730 3228 sunt,
748 3150 800 3218 uel
818 3150 853 3216 in
869 3148 1023 3216 lateribus
1036 3149 1137 3214 series
1156 3168 1231 3216 con·

214 3259 322 3350 tinuas
345 3259 499 3337 efficiunt,
529 3261 586 3326 sed
607 3259 717 3327 omnia
744 3259 865 3326 circum
888 3263 985 3346 caput
1014 3257 1099 3326 iufra
1126 3259 1234 3324 oculos

214 3371 458 3455 congregataos
481 3367 625 3455 cingunt.
650 3367 733 3436 Solis
757 3368 791 3434 in
812 3367 964 3466 testaceis
990 3367 1234 3453 praesertimque

188 3471 194 3478 ’
213 3475 249 3542 in
268 3476 307 3542 iis
334 3497 468 3566 quorum
496 3478 618 3545 concha
644 3477 678 3545 in
699 3468 809 3544 orbem
831 3476 1072 3562 circumagitur,
1098 3475 1234 3543 similem

250 3737 284 3800 tlt
306 3733 532 3793 [reanimalium
548 3733 677 3807 incessu,
690 3749 717 3793 c.
733 3735 749 3792 ’ί
765 3733 830 3794 elil.

192 3847 195 3860 ·
250 3833 284 3899 εί)
305 3835 345 3889 De
360 3837 436 3906 part.
450 3831 552 3905 anim,
567 3835 612 3904 lv,
627 3835 657 3890 t.
670 3836 716 3920 ¹lle
729 3831 822 3890 anim.
841 3832 971 3906 incessu,
982 3846 1009 3891 c.
1025 3833 1134 3890 terit.

252 3931 285 3998 i3l
305 3929 379 3992 Ὅσα
391 3930 556 4001 δ’ἔλάττννας
570 3930 628 4015 ἔχει
640 3929 733 4006 πόδας,
751 3937 839 4006 neira
859 3931 993 3994 ταῦτ’ἑστί
1011 3931 1074 4015 πρὸς
1087 3931 1134 4005 τὴν
1149 3929 1235 3991 ἔλλει-

213 4031 258 4111 ψιν
271 4027 319 4102 τὴν
333 4033 385 4089 τῶν
399 4031 499 4122 probriu.
515 4033 555 4088 lle
569 4035 643 4103 pari.
655 4028 744 4088 anim.
760 4031 806 4102 lv,
817 4031 845 4089 o.

252 4138 286 4202 tlt
306 4138 347 4194 be
361 4141 435 4210 port
448 4134 607 4210 anim.‚1v,
622 4138 680 4194 bet
691 4137 719 4194 9.
1179 4157 1190 4186 ο
