3134 4938
798 468 956 540 ..2,-

410 611 513 702 Hujus
529 631 623 698 nouae
639 611 795 694 scientiae,
810 635 906 701 quam
920 613 1043 700 primus
1065 613 1266 694 instituebat,
1282 635 1385 702 qnan-

364 727 434 791 tum
450 721 493 789 sit
507 721 659 808 pretinm,
678 725 831 808 quantam
846 721 1094 792 delectationem
1124 723 1231 791 animo
1246 724 1316 792 veri
1332 725 1383 792 vi-

366 829 1381 921 dendicupidoafferatiutimarerumviventiumcontemplatio,

321 923 328 933 ’
365 960 460 1026 quam
472 959 554 1026 pura
563 938 782 1025 atqueeximia
796 938 962 1026 voluptate
974 940 1131 1007 immensa
1142 941 1199 1007 illa
1209 942 1386 1010 formarum

363 1041 506 1116 varietas
516 1069 588 1115 cum
597 1055 722 1118 summa
731 1048 872 1115 omniurn
884 1048 1026 1136 partium
1037 1049 1234 1137 perfectione
1245 1057 1385 1121 mentem

363 1156 547 1243 perfundat,
566 1157 723 1244 praeclare
738 1157 899 1244 expressit
914 1158 948 1224 in
963 1179 1002 1225 eo
1023 1149 1092 1245 ipso
1108 1159 1191 1226 libro
1207 1160 1241 1227 in
1265 1183 1327 1248 qno
1344 1162 1384 1230 de

293 1321 295 1327 s
364 1265 906 1364 ejusdeminvestigationisratione
918 1266 1071 1335 disseruit
1081 1265 1304 1357 (l).Hicenim
1312 1271 1385 1357 phi-

364 1374 544 1463 losophiam
554 1396 625 1461 quae
641 1377 680 1443 de
697 1375 829 1442 summis
846 1375 1039 1461 aetemisque
1049 1375 1145 1442 rebus
1161 1376 1297 1463 inquirit
1312 1395 1384 1446 cnm

363 1485 548 1572 plantarum
560 1483 808 1570 animaliumque
824 1484 1006 1571 cognitione
1027 1505 1228 1570 comparans,
1247 1487 1385 1554 alteram

364 1594 491 1680 quidem
504 1593 665 1682 gravitate
673 1597 768 1678 atque
776 1592 967 1659 excellentia
976 1598 1144 1680 praestare,
1156 1596 1214 1661 sed
1223 1595 1384 1662 difficilem
1454 1579 1461 1616 ³

363 1703 410 1770 ait
426 1707 458 1770 et
470 1703 616 1790 angustis
629 1702 776 1769 terminis
792 1702 970 1779 contineri;
986 1732 1000 1756 u
1016 1703 1049 1768 in
1066 1703 1170 1770 altera
1182 1709 1290 1771 autem
1314 1725 1382 1771 ma-

363 1812 446 1878 teria
457 1812 587 1878 uberior
603 1815 635 1878 et
647 1811 748 1877 multo
760 1811 863 1902 major
870 1831 979 1876 rerum
991 1814 1384 1900 cognoscendarnmcopia

364 1921 530 1986 occurrit:
550 1920 688 2006 plurima
700 1920 785 1985 enim
800 1920 834 1985 in
859 1919 993 2005 singulis
1008 1919 1187 2014 uiuentium
1211 1923 1382 2009 generibus

362 2017 519 2124 percipiat
532 2030 720 2113 quicumque
736 2029 815 2094 satis
829 2031 1015 2094 constanter
1029 2029 1063 2093 in
1087 2029 1150 2094 illis
1174 2030 1253 2098 velit
1277 2031 1384 2097 elabo-

361 2159 448 2204 rare.
468 2139 612 2223 Utraque
625 2143 734 2203 tamen
750 2157 809 2202 nos
825 2137 974 2205 delectat.
991 2139 1056 2202 Res
1069 2137 1154 2202 enim
1170 2137 1242 2203 illas
1254 2139 1380 2206 divinas

361 2248 422 2314 etsi
455 2247 570 2313 leuiter
597 2246 785 2332 attingimus
798 2297 818 2322 ‚.
836 2244 1027 2330 cognitionis
1054 2247 1164 2311 tamen
1191 2247 1381 2314 excellentia

361 2355 464 2442 magis
489 2355 664 2441 gaudemus
692 2353 837 2438 quamsi
862 2353 979 2432 omnia,
1000 2374 1070 2439 quae
1102 2355 1259 2421 interris
1282 2355 1376 2435 finnt,

360 2465 455 2549 plane
471 2465 635 2551 percipere
660 2463 791 2539 liceret;
811 2462 843 2527 id
859 2462 944 2528 enim
960 2463 1049 2548 cnjus
1066 2483 1175 2528 amore
1202 2463 1377 2552 flagramus

360 2573 388 2638 si
397 2574 482 2638 ¹vele
509 2572 683 2658 longinquo
699 2553 842 2656 aspicere
867 2571 973 2647 detur,
1003 2571 1176 2657 jucundius
1204 2576 1254 2638 est
1284 2594 1378 2658 quam

359 2681 461 2749 multa
473 2681 537 2746 alia
553 2683 585 2745 et
602 2700 720 2766 magna
735 2678 827 2744 facile
839 2679 1061 2764 contemplari.
1082 2678 1172 2745 Illius
1197 2685 1305 2746 autem
1327 2702 1379 2747 su·

358 2789 464 2868 blimis
477 2789 687 2874 philosophiae
700 2788 925 2873 praestantiam
934 2792 1121 2874 compensat
1128 2789 1267 2855 viventis
1283 2794 1378 2856 natu·
1482 2820 1484 2832 ·

291 2883 295 2890 ⁴
333 2939 338 2954 ι
357 2916 403 2962 rae
420 2897 572 2973 studium,
588 2918 626 2962 eo
642 2897 726 2981 quod
746 2917 811 2973 ree,
830 2896 864 2961 in
881 2897 994 2980 quibus
1010 2900 1172 2972 uersatur,
1187 2901 1256 2964 tum
1272 2898 1375 2965 multo

356 3005 605 3082 numerosiores
624 3008 693 3071 tum
709 3004 881 3089 perfectius
894 3007 992 3080 notae,
1011 3008 1080 3072 tum
1092 3001 1193 3071 'nobis
1209 3006 1311 3091 magis
1331 3005 1346 3071 f
1363 3041 1377 3058 ·

355 3113 497 3188 miliares
509 3113 575 3188 sint
591 3115 623 3184 et
635 3111 759 3178 affines.
775 3111 863 3178 Nihil
876 3116 984 3178 autem
1001 3110 1035 3178 in
1050 3113 1111 3178 hac
1127 3114 1375 3200 investigatione

253 3300 255 3305 Ι
355 3225 405 3288 est
420 3221 658 3308 negligendum,
677 3220 873 3305 nequequod
890 3220 1038 3299 nobilius,
1058 3243 1161 3306 neque
1174 3223 1258 3306 quod
1279 3223 1374 3290 vilius

354 3351 425 3408 esse
443 3331 602 3398 videatur.
624 3329 777 3406 Quamvis
793 3329 878 3394 enim
897 3330 1051 3416 adspectu
1073 3352 1139 3397 non
1160 3332 1268 3397 omnia
1284 3352 1375 3417 aeque

349 3439 492 3526 jucunda
503 3441 580 3516 sint,
591 3439 794 3506 incredibiles
807 3443 917 3504 tamen
925 3438 1107 3524 voluptates
1120 3461 1161 3505 ex
1172 3441 1307 3536 qrtificis
1318 3463 1374 3507 na-

352 3552 436 3615 turae
452 3547 646 3636 cogitatione
657 3547 841 3633 percipiunt
853 3547 1042 3632 quicumque
1054 3569 1168 3614 causas
1181 3557 1374 3636 cognoscere

352 3661 527 3744 potuerunt
537 3661 571 3725 et
582 3677 658 3724 vere
670 3655 864 3742 philosophi.
877 3655 1064 3724 lnfimorum
1077 3655 1176 3742 igitur
1188 3658 1373 3726 animalium

351 3765 507 3852 inspectio
519 3766 641 3852 puerile
653 3765 788 3834 toedium
800 3764 919 3832 nemini
929 3766 1072 3832 moveat:
1084 3763 1119 3830 in
1128 3766 1274 3834 omnibus
1288 3768 1372 3835 enim

351 3895 422 3962 quae
442 3879 561 3944 natura
580 3859 731 3942 constant
748 3873 868 3960 aliquid
889 3873 974 3940 inest
991 3871 1204 3941 admiratione
1223 3874 1370 3964 dignum.

1365 3981 1377 4010 ρ

387 4114 421 4177 {lt
441 4114 481 4169 ne
495 4105 628 4183 partibus
642 4103 824 4178 animalium,
837 4107 862 4178 1,
876 4106 905 4161 5.
