3106 4932
616 483 796 556 461„-

197 637 351 710 Quaenam
381 653 562 720 aquarum,
595 625 648 700 v'el
678 633 783 711 aeris,
813 633 865 700 val
893 633 1118 703 alimentorum
1149 635 1215 701 effi·
1280 688 1293 702 .

195 743 314 811 olentia
339 742 534 832 insectorum
557 762 672 828 corpus
692 742 726 808 in
746 741 882 808 annulos
906 742 1015 809 divisit
1031 747 1064 809 et
1089 737 1223 810 infinita
1297 739 1298 742 ’

195 853 337 939 partium
359 851 510 917 similium
530 850 613 916 serie
629 850 865 937 praelongavit?
891 850 1036 918 Mollium
1052 853 1214 920 contraii-

196 981 310 1050 gnram
330 959 513 1046 replicavit,
532 959 631 1025 itaut
647 980 682 1024 os
699 959 762 1024 imo
782 939 910 1045 corpori
925 959 1163 1039 admoveretur,
1182 965 1216 1028 ct

196 1074 312 1136 cuncta
334 1070 411 1136 vitae
428 1070 641 1135 instrumenta
662 1068 703 1134 ad
730 1088 848 1134 novam
869 1069 954 1135 hanc
973 1069 1214 1155 dispositionem

127 1261 128 1264 Ἴ
196 1178 321 1266 aptavlt
331 1179 347 1244 l·
362 1178 470 1246 Etiam
486 1177 514 1260 si
529 1177 614 1242 enim
633 1177 762 1242 omnino
779 1176 1021 1268 comprobatum
1037 1177 1121 1246 foret
1142 1178 1214 1268 illas
1308 1226 1310 1230 -

196 1284 315 1353 formas
327 1286 362 1353 in
373 1286 476 1373 primo
498 1285 716 1374 generationis
733 1287 865 1353 exordio
890 1285 1010 1352 similes
1032 1308 1114 1363 esse,
1140 1287 1215 1373 quid

196 1395 318 1463 referti
335 1397 410 1464 Non
430 1395 502 1462 ideo
524 1395 660 1460 fortuito
677 1394 822 1460 accidere
837 1395 943 1481 potuit
967 1398 1003 1462 ut
1021 1395 1135 1468 similis
1159 1395 1215 1461 illa

197 1503 369 1591 descriptio
385 1504 488 1570 modis
503 1503 590 1570 inter
605 1524 640 1569 se
655 1508 724 1571 tam
736 1502 873 1570 diversis
889 1503 984 1569 simul
1006 1524 1045 1570 ue
1061 1509 1129 1571 tam
1145 1525 1215 1570 cer·

195 1613 238 1678 tis
255 1612 403 1698 deinceps
414 1612 586 1679 immutata
601 1612 662 1689 sit;
682 1609 888 1698 externaeque
904 1525 1011 1678 causss
1028 1632 1091 1679 non
1102 1610 1215 1678 effece-

196 1725 275 1792 runt
289 1724 327 1788 ut
341 1741 468 1808 corpus
488 1720 572 1806 quod
588 1721 625 1787 in
646 1720 792 1787 omnibus
815 1720 906 1788 initio
923 1715 1056 1787 ¹rectum
1076 1726 1136 1797 est,
1163 1721 1217 1788 hio

196 1828 395 1906 reflectatur,
416 1829 482 1894 illic
503 1832 627 1896 rectum
650 1833 791 1907 maneat,
819 1830 876 1897 sed
900 1829 934 1895 in
957 1829 1029 1896 aliis
1057 1829 1164 1905 dorso,
1183 1829 1217 1896 in

197 1937 269 2004 aliis
295 1937 403 2004 ventri
426 1937 581 2014 insidere,
607 1938 655 2004 ita
681 1937 718 2004 ut
741 1959 806 2004 non
829 1937 931 2004 solum
959 1937 1088 2007 inversa
1116 1938 1158 2004 sit
1184 1937 1218 2004 in
1296 1919 1298 1926 ’

196 2047 342 2132 utrisque
362 2045 486 2133 'pedum
518 2059 558 2113 ec
582 2045 724 2112 omnium
755 2046 972 2112 membrorum
1004 2037 1218 2133 sensuumque

97 2171 100 2175 ’
198 2154 307 2230 sedes,
333 2154 390 2220 sed
406 2153 470 2219 alia
492 2154 620 2220 omnino
644 2154 760 2220 horum
776 2155 993 2221 membrorum
1009 2156 1215 2250 compositio,

197 2263 262 2328 alia
277 2263 420 2349 corporis
436 2263 536 2329 totius
560 2262 700 2343 fabrica,
712 2263 764 2329 hic
780 2263 820 2328 ab
836 2264 966 2330 interna
988 2263 1107 2330 ossium
1132 2285 1217 2332 com-

106 2389 111 2407 ·
196 2391 292 2458 page,
311 2371 376 2438 illio
391 2371 431 2438 ab
442 2372 585 2440 externis
598 2371 680 2438 cutis
689 2372 723 2438 in
735 2373 871 2438 annulos
881 2373 1047 2458 plicaturis
1060 2372 1214 2458 pendens.

196 2482 282 2549 Nam
299 2482 326 2547 si
350 2481 485 2568 singulae
502 2483 543 2548 et
570 2481 609 2547 ab
633 2481 719 2548 omni
741 2481 869 2547 vinculo
890 2481 1004 2547 solutae
1027 2479 1218 2552 differentiae

175 2675 178 2682 Ι
199 2589 284 2654 inter
299 2589 581 2675 diversas'species
606 2590 867 2666 observarentur,
887 2592 955 2656 tum
971 2609 1083 2655 earum
1105 2583 1219 2658 causas

201 2696 234 2762 in
253 2696 393 2764 fortuitis
410 2699 536 2764 casibus
558 2698 721 2783 inquirere
736 2699 871 2775 liceret;
890 2699 948 2764 sed
975 2718 1072 2784 quum
1098 2701 1223 2768 consti

200 2808 289 2872 tutus
305 2807 513 2892 plurimarum
537 2805 791 2874 differentiarum
818 2806 897 2892 ordo
920 2807 1007 2872 inter
1021 2829 1056 2874 se
1072 2812 1220 2876 constan-

20 2995 24 3004 ,
94 2903 98 2910 ⁴
199 2912 322 2982 tissime
337 2937 554 2982 connexarum
570 2916 603 2980 in
619 2936 743 3000 quoque
755 2936 873 3004 genere
886 2919 1041 3001 perpetuo
1058 2919 1217 2997 servetur,

199 3023 339 3091 definitae
356 3023 569 3112 agnoscendae
585 3029 661 3091 sunt
676 3023 776 3110 leges,
795 3044 931 3108 quarum
946 3023 1080 3110 imperio
1102 3025 1145 3092 inx
1160 3027 1219 3092 im-

199 3133 319 3198 mensis
350 3133 529 3218 specierum
559 3132 702 3198 numeris
738 3151 936 3218 unaquaeque
964 3153 1005 3198 ex
1035 3133 1138 3201 tribus
1169 3135 1220 3203 his

201 3239 372 3308 structuris
396 3241 605 3310 immutabilis
621 3242 747 3320 manet,
775 3261 909 3328 quaeque
925 3263 945 3307 a
960 3261 1037 3309 casu
1061 3241 1140 3309 oriri
1163 3265 1220 3310 ne·

201 3353 332 3435 queunt.
1225 3346 1229 3351 ’

246 3458 489 3526 Antecedebant
503 3460 603 3547 igitur
617 3458 682 3525 illae
698 3459 823 3537 formae,
838 3458 929 3545 quasi
941 3462 1065 3526 aeterna
1079 3455 1221 3528 invisibi·

201 3566 307 3653 lia'que
323 3567 529 3654 exemplaria,
551 3567 737 3654 priusquam
760 3567 795 3633 in
817 3587 871 3633 res
895 3567 1064 3634 mutabiles
1090 3567 1220 3635 induce·
1290 3587 1295 3604 ‘
1320 3565 1324 3572 ’

201 3681 332 3755 rentur,¹
346 3677 653 3764 obpropria'cuique
675 3681 743 3742 erat
754 3679 884 3756 natura,
903 3697 944 3741 ex
960 3680 1136 3760 quaesitae
1152 3697 1224 3744 mae

201 3769 324 3874 nabent
339 3787 589 3872 consequentiae,
609 3784 695 3851 haud
713 3805 805 3850 secus
829 3804 867 3850 ao
887 3805 928 3850 ex
947 3785 1143 3870 geometrice
1158 3776 1220 3852 cir·

201 3895 263 3963 culi
276 3899 332 3963 aut
344 3895 494 3982 quadrati
511 3894 696 3961 definitione
711 3892 903 3959 necessariae
920 3896 1099 3978 sequuntur
1110 3915 1221 3962 earum

201 4000 550 4091 figurarum’rationes.
570 4004 614 4069 At
630 4000 807 4069 communis
822 3999 879 4066 illa
893 3999 1045 4086 cujusque
1061 4002 1221 4088 exempla-

202 4111 247 4178 ris
264 4113 437 4200 descriptio
454 4113 584 4190 multas,
605 4111 662 4177 sed
682 4109 815 4176 minoris
840 4109 1004 4188 momenti,
1024 4107 1221 4179 differentias
