<?xml version="1.0" encoding="UTF-8"?>
<!DOCTYPE html PUBLIC "-//W3C//DTD XHTML 1.0 Transitional//EN"
    "http://www.w3.org/TR/xhtml1/DTD/xhtml1-transitional.dtd">
<html xmlns="http://www.w3.org/1999/xhtml" xml:lang="en" lang="en">
 <head>
  <title>
</title>
<meta http-equiv="Content-Type" content="text/html;charset=utf-8" />
  <meta name='ocr-system' content='tesseract 3.04.00' />
  <meta name='ocr-capabilities' content='ocr_page ocr_carea ocr_par ocr_line ocrx_word'/>
</head>
<body>
  <div class='ocr_page' id='page_1' title='image "./aristotelisphil00philgoog_0045.png"; bbox 0 0 3134 4938; ppageno 0'>
   <div class='ocr_carea' id='block_1_1' title="bbox 721 512 977 582">
    <p class='ocr_par' dir='ltr' id='par_1_1' title="bbox 721 512 977 582">
     <span class='ocr_line' id='line_1_1' title="bbox 721 512 977 582; baseline 0.004 -1"><span class='ocrx_word' id='word_1_1' title='bbox 721 533 728 548; x_wconf 94' lang='lat'><strong>·</strong></span> <span class='ocrx_word' id='word_1_2' title='bbox 794 512 977 582; x_wconf 42' lang='lat' dir='ltr'>w--aa---</span> 
     </span>
    </p>
   </div>
   <div class='ocr_carea' id='block_1_2' title="bbox 299 646 1453 3143">
    <p class='ocr_par' dir='ltr' id='par_1_2' title="bbox 299 646 1396 1610">
     <span class='ocr_line' id='line_1_2' title="bbox 375 646 1395 742; baseline -0.002 -18"><span class='ocrx_word' id='word_1_3' title='bbox 375 646 466 726; x_wconf 84' lang='lat' dir='ltr'>ratas</span> <span class='ocrx_word' id='word_1_4' title='bbox 482 654 595 742; x_wconf 86' lang='lat' dir='ltr'>cuique</span> <span class='ocrx_word' id='word_1_5' title='bbox 604 655 715 742; x_wconf 88' lang='lat' dir='ltr'>generi</span> <span class='ocrx_word' id='word_1_6' title='bbox 723 657 866 724; x_wconf 89' lang='lat' dir='ltr'>rationes</span> <span class='ocrx_word' id='word_1_7' title='bbox 879 683 887 725; x_wconf 74' lang='grc' dir='ltr'>ι</span> <span class='ocrx_word' id='word_1_8' title='bbox 902 657 948 724; x_wconf 89' lang='lat' dir='ltr'>sic</span> <span class='ocrx_word' id='word_1_9' title='bbox 960 659 1039 724; x_wconf 83' lang='lat' dir='ltr'>ares</span> <span class='ocrx_word' id='word_1_10' title='bbox 1049 675 1140 724; x_wconf 86' lang='lat' dir='ltr'>suam</span> <span class='ocrx_word' id='word_1_11' title='bbox 1151 654 1272 722; x_wconf 85' lang='lat' dir='ltr'>habere</span> <span class='ocrx_word' id='word_1_12' title='bbox 1287 675 1395 722; x_wconf 82' lang='lat' dir='ltr'>essen-</span> 
     </span>
     <span class='ocr_line' id='line_1_3' title="bbox 357 763 1396 852; baseline -0.001 -20"><span class='ocrx_word' id='word_1_13' title='bbox 357 811 359 820; x_wconf 37' lang='lat' dir='ltr'><em>s</em></span> <span class='ocrx_word' id='word_1_14' title='bbox 379 765 470 840; x_wconf 85' lang='lat' dir='ltr'>tiam,</span> <span class='ocrx_word' id='word_1_15' title='bbox 482 784 503 829; x_wconf 93' lang='lat' dir='ltr'>a</span> <span class='ocrx_word' id='word_1_16' title='bbox 514 763 648 850; x_wconf 83' lang='lat' dir='ltr'><strong>piscium</strong></span> <span class='ocrx_word' id='word_1_17' title='bbox 663 766 805 831; x_wconf 78' lang='lat' dir='ltr'>essentia</span> <span class='ocrx_word' id='word_1_18' title='bbox 817 766 1005 852; x_wconf 88' lang='lat' dir='ltr'>sejunctam,</span> <span class='ocrx_word' id='word_1_19' title='bbox 1018 785 1059 832; x_wconf 82' lang='lat' dir='ltr'>ex</span> <span class='ocrx_word' id='word_1_20' title='bbox 1071 785 1133 851; x_wconf 88' lang='lat' dir='ltr'>qua</span> <span class='ocrx_word' id='word_1_21' title='bbox 1144 765 1282 838; x_wconf 86' lang='lat' dir='ltr'>diversae</span> <span class='ocrx_word' id='word_1_22' title='bbox 1291 765 1396 842; x_wconf 88' lang='lat' dir='ltr'>arian·</span> 
     </span>
     <span class='ocr_line' id='line_1_4' title="bbox 376 873 1394 961; baseline -0.002 -21"><span class='ocrx_word' id='word_1_23' title='bbox 376 876 432 940; x_wconf 90' lang='lat' dir='ltr'>tur</span> <span class='ocrx_word' id='word_1_24' title='bbox 447 873 535 960; x_wconf 88' lang='lat' dir='ltr'>leges</span> <span class='ocrx_word' id='word_1_25' title='bbox 551 873 740 960; x_wconf 86' lang='lat' dir='ltr'>diversaque</span> <span class='ocrx_word' id='word_1_26' title='bbox 755 875 899 961; x_wconf 88' lang='lat' dir='ltr'>corporis</span> <span class='ocrx_word' id='word_1_27' title='bbox 915 873 1107 961; x_wconf 87' lang='lat' dir='ltr'>descriptio;</span> <span class='ocrx_word' id='word_1_28' title='bbox 1122 877 1156 940; x_wconf 91' lang='lat' dir='ltr'>et</span> <span class='ocrx_word' id='word_1_29' title='bbox 1169 876 1280 941; x_wconf 87' lang='lat' dir='ltr'>tamen</span> <span class='ocrx_word' id='word_1_30' title='bbox 1291 875 1394 940; x_wconf 89' lang='lat' dir='ltr'>utros-</span> 
     </span>
     <span class='ocr_line' id='line_1_5' title="bbox 369 979 1393 1072; baseline 0 -24"><span class='ocrx_word' id='word_1_31' title='bbox 369 1003 439 1067; x_wconf 87' lang='lat' dir='ltr'>que</span> <span class='ocrx_word' id='word_1_32' title='bbox 465 981 684 1048; x_wconf 89' lang='lat' dir='ltr'>communibus</span> <span class='ocrx_word' id='word_1_33' title='bbox 713 983 973 1051; x_wconf 86' lang='lat' dir='ltr'>vertebratorum</span> <span class='ocrx_word' id='word_1_34' title='bbox 1000 979 1077 1071; x_wconf 80' lang='grc' dir='ltr'><strong>(τῶν</strong></span> <span class='ocrx_word' id='word_1_35' title='bbox 1101 980 1245 1072; x_wconf 80' lang='grc' dir='ltr'>ἐναίμων)</span> <span class='ocrx_word' id='word_1_36' title='bbox 1271 981 1393 1069; x_wconf 90' lang='lat' dir='ltr'>legibus</span> 
     </span>
     <span class='ocr_line' id='line_1_6' title="bbox 377 1089 1393 1178; baseline -0.001 -22"><span class='ocrx_word' id='word_1_37' title='bbox 377 1110 517 1176; x_wconf 87' lang='lat' dir='ltr'>parere;</span> <span class='ocrx_word' id='word_1_38' title='bbox 536 1089 676 1176; x_wconf 85' lang='lat' dir='ltr'>itemque</span> <span class='ocrx_word' id='word_1_39' title='bbox 691 1089 762 1157; x_wconf 90' lang='lat' dir='ltr'>fieri</span> <span class='ocrx_word' id='word_1_40' title='bbox 778 1112 872 1177; x_wconf 88' lang='lat' dir='ltr'>posse</span> <span class='ocrx_word' id='word_1_41' title='bbox 893 1097 930 1160; x_wconf 91' lang='lat' dir='ltr'>ut</span> <span class='ocrx_word' id='word_1_42' title='bbox 948 1091 1064 1177; x_wconf 83' lang='lat' dir='ltr'>ali&#39;quae</span> <span class='ocrx_word' id='word_1_43' title='bbox 1086 1091 1152 1158; x_wconf 90' lang='lat' dir='ltr'>sint</span> <span class='ocrx_word' id='word_1_44' title='bbox 1171 1090 1259 1178; x_wconf 90' lang='lat' dir='ltr'>leges</span> <span class='ocrx_word' id='word_1_45' title='bbox 1273 1089 1308 1160; x_wconf 87' lang='lat' dir='ltr'>in</span> <span class='ocrx_word' id='word_1_46' title='bbox 1322 1089 1393 1161; x_wconf 85' lang='lat' dir='ltr'>uni·</span> 
     </span>
     <span class='ocr_line' id='line_1_7' title="bbox 375 1198 1394 1285; baseline 0 -20"><span class='ocrx_word' id='word_1_47' title='bbox 375 1199 478 1266; x_wconf 83' lang='lat' dir='ltr'>uersis</span> <span class='ocrx_word' id='word_1_48' title='bbox 495 1199 712 1265; x_wconf 83' lang='lat' dir='ltr'>animantibus</span> <span class='ocrx_word' id='word_1_49' title='bbox 729 1199 844 1285; x_wconf 89' lang='lat' dir='ltr'>ubique</span> <span class='ocrx_word' id='word_1_50' title='bbox 861 1204 1050 1285; x_wconf 77' lang='lat' dir='ltr'>praesentes,</span> <span class='ocrx_word' id='word_1_51' title='bbox 1064 1200 1113 1265; x_wconf 85' lang='lat' dir='ltr'>ita</span> <span class='ocrx_word' id='word_1_52' title='bbox 1126 1202 1164 1266; x_wconf 91' lang='lat' dir='ltr'>ut</span> <span class='ocrx_word' id='word_1_53' title='bbox 1183 1198 1394 1284; x_wconf 90' lang='lat' dir='ltr'>quorumdam</span> 
     </span>
     <span class='ocr_line' id='line_1_8' title="bbox 374 1306 1390 1394; baseline -0.001 -21"><span class='ocrx_word' id='word_1_54' title='bbox 374 1307 663 1375; x_wconf 81' lang='lat' dir='ltr'>instrumentorum</span> <span class='ocrx_word' id='word_1_55' title='bbox 690 1311 852 1394; x_wconf 79' lang='lat' dir='ltr'>naturast</span> <span class='ocrx_word' id='word_1_56' title='bbox 871 1308 949 1375; x_wconf 91' lang='lat' dir='ltr'>ordo</span> <span class='ocrx_word' id='word_1_57' title='bbox 978 1308 1091 1376; x_wconf 85' lang='lat' dir='ltr'>similis</span> <span class='ocrx_word' id='word_1_58' title='bbox 1116 1307 1207 1376; x_wconf 87' lang='lat' dir='ltr'>sitin</span> <span class='ocrx_word' id='word_1_59' title='bbox 1232 1306 1390 1383; x_wconf 73' lang='lat' dir='ltr'>omnibus</span> 
     </span>
     <span class='ocr_line' id='line_1_9' title="bbox 375 1416 1392 1504; baseline 0 -22"><span class='ocrx_word' id='word_1_60' title='bbox 375 1416 473 1482; x_wconf 91' lang='lat' dir='ltr'>etiam</span> <span class='ocrx_word' id='word_1_61' title='bbox 486 1416 512 1481; x_wconf 91' lang='lat' dir='ltr'>si</span> <span class='ocrx_word' id='word_1_62' title='bbox 528 1416 689 1502; x_wconf 87' lang='lat' dir='ltr'>plerisque</span> <span class='ocrx_word' id='word_1_63' title='bbox 705 1417 850 1502; x_wconf 89' lang='lat' dir='ltr'>partibus</span> <span class='ocrx_word' id='word_1_64' title='bbox 876 1422 909 1485; x_wconf 90' lang='lat' dir='ltr'>et</span> <span class='ocrx_word' id='word_1_65' title='bbox 924 1420 994 1484; x_wconf 88' lang='lat' dir='ltr'>tota</span> <span class='ocrx_word' id='word_1_66' title='bbox 1008 1417 1075 1484; x_wconf 80' lang='lat' dir='ltr'>iere</span> <span class='ocrx_word' id='word_1_67' title='bbox 1103 1417 1247 1504; x_wconf 89' lang='lat' dir='ltr'>corporis</span> <span class='ocrx_word' id='word_1_68' title='bbox 1274 1416 1392 1484; x_wconf 89' lang='lat' dir='ltr'>descri-</span> 
     </span>
     <span class='ocr_line' id='line_1_10' title="bbox 299 1524 812 1610; baseline 0.002 -19"><span class='ocrx_word' id='word_1_69' title='bbox 299 1527 308 1542; x_wconf 90' lang='lat'>&#39;</span> <span class='ocrx_word' id='word_1_70' title='bbox 374 1525 483 1610; x_wconf 86' lang='lat' dir='ltr'>ptione</span> <span class='ocrx_word' id='word_1_71' title='bbox 496 1524 635 1591; x_wconf 86' lang='lat' dir='ltr'>maxime</span> <span class='ocrx_word' id='word_1_72' title='bbox 651 1524 812 1592; x_wconf 87' lang='lat' dir='ltr'>differant.</span> 
     </span>
    </p>

    <p class='ocr_par' dir='ltr' id='par_1_3' title="bbox 318 1633 1453 3143">
     <span class='ocr_line' id='line_1_11' title="bbox 422 1633 1392 1721; baseline -0.001 -20"><span class='ocrx_word' id='word_1_73' title='bbox 422 1634 573 1702; x_wconf 84' lang='lat' dir='ltr'>Ceterum</span> <span class='ocrx_word' id='word_1_74' title='bbox 588 1633 753 1701; x_wconf 86' lang='lat' dir='ltr'>fatendum</span> <span class='ocrx_word' id='word_1_75' title='bbox 781 1638 831 1701; x_wconf 87' lang='lat' dir='ltr'>est</span> <span class='ocrx_word' id='word_1_76' title='bbox 845 1635 1055 1703; x_wconf 85' lang='lat' dir='ltr'>Aristotelem</span> <span class='ocrx_word' id='word_1_77' title='bbox 1067 1635 1100 1702; x_wconf 93' lang='lat' dir='ltr'>in</span> <span class='ocrx_word' id='word_1_78' title='bbox 1116 1633 1266 1710; x_wconf 86' lang='lat' dir='ltr'>creanda,</span> <span class='ocrx_word' id='word_1_79' title='bbox 1285 1639 1392 1721; x_wconf 90' lang='lat' dir='ltr'>utpo-</span> 
     </span>
     <span class='ocr_line' id='line_1_12' title="bbox 375 1734 1453 1832; baseline 0.001 -24"><span class='ocrx_word' id='word_1_80' title='bbox 375 1746 445 1809; x_wconf 88' lang='lat' dir='ltr'>stea</span> <span class='ocrx_word' id='word_1_81' title='bbox 461 1741 643 1810; x_wconf 84' lang='lat' dir='ltr'>Cuvierium</span> <span class='ocrx_word' id='word_1_82' title='bbox 659 1743 693 1818; x_wconf 89' lang='lat' dir='ltr'>in</span> <span class='ocrx_word' id='word_1_83' title='bbox 712 1743 938 1811; x_wconf 89' lang='lat' dir='ltr'>constituenda</span> <span class='ocrx_word' id='word_1_84' title='bbox 958 1734 1143 1811; x_wconf 85' lang='lat' dir='ltr'>animalium</span> <span class='ocrx_word' id='word_1_85' title='bbox 1153 1743 1316 1822; x_wconf 85' lang='lat' dir='ltr'>doctrino,</span> <span class='ocrx_word' id='word_1_86' title='bbox 1339 1763 1394 1832; x_wconf 93' lang='lat' dir='ltr'>po-</span> <span class='ocrx_word' id='word_1_87' title='bbox 1449 1779 1453 1790; x_wconf 85' lang='lat'>·</span> 
     </span>
     <span class='ocr_line' id='line_1_13' title="bbox 373 1839 1393 1938; baseline 0 -20"><span class='ocrx_word' id='word_1_88' title='bbox 373 1850 438 1920; x_wconf 86' lang='lat' dir='ltr'>tius</span> <span class='ocrx_word' id='word_1_89' title='bbox 453 1850 495 1917; x_wconf 93' lang='lat' dir='ltr'>ad</span> <span class='ocrx_word' id='word_1_90' title='bbox 511 1849 766 1918; x_wconf 85' lang='lat' dir='ltr'>differentiarum</span> <span class='ocrx_word' id='word_1_91' title='bbox 786 1872 882 1938; x_wconf 88' lang='lat' dir='ltr'>quam</span> <span class='ocrx_word' id='word_1_92' title='bbox 905 1847 946 1919; x_wconf 89' lang='lat' dir='ltr'>ad</span> <span class='ocrx_word' id='word_1_93' title='bbox 978 1839 1232 1921; x_wconf 84' lang='lat' dir='ltr'>similitudinum</span> <span class='ocrx_word' id='word_1_94' title='bbox 1245 1850 1393 1919; x_wconf 77' lang='lat' dir='ltr'>observa-</span> 
     </span>
     <span class='ocr_line' id='line_1_14' title="bbox 374 1957 1388 2048; baseline 0.001 -23"><span class='ocrx_word' id='word_1_95' title='bbox 374 1959 494 2026; x_wconf 86' lang='lat' dir='ltr'>tionem</span> <span class='ocrx_word' id='word_1_96' title='bbox 511 1957 558 2048; x_wconf 84' lang='lat' dir='ltr'>(l)</span> <span class='ocrx_word' id='word_1_97' title='bbox 571 1959 792 2038; x_wconf 89' lang='lat' dir='ltr'>inclinavisse;</span> <span class='ocrx_word' id='word_1_98' title='bbox 807 1959 893 2026; x_wconf 90' lang='lat' dir='ltr'>unde</span> <span class='ocrx_word' id='word_1_99' title='bbox 907 1960 941 2026; x_wconf 89' lang='lat' dir='ltr'>in</span> <span class='ocrx_word' id='word_1_100' title='bbox 953 1959 1107 2046; x_wconf 88' lang='lat' dir='ltr'>quosdam</span> <span class='ocrx_word' id='word_1_101' title='bbox 1123 1961 1235 2028; x_wconf 88' lang='lat' dir='ltr'>incidit</span> <span class='ocrx_word' id='word_1_102' title='bbox 1251 1979 1388 2026; x_wconf 87' lang='lat' dir='ltr'>errores.</span> 
     </span>
     <span class='ocr_line' id='line_1_15' title="bbox 374 2067 1392 2154; baseline 0 -20"><span class='ocrx_word' id='word_1_103' title='bbox 374 2067 644 2154; x_wconf 73' lang='lat' dir='ltr'>Suspicatus&#39;erat</span> <span class='ocrx_word' id='word_1_104' title='bbox 660 2069 861 2135; x_wconf 86' lang='lat' dir='ltr'>Democritus</span> <span class='ocrx_word' id='word_1_105' title='bbox 873 2069 981 2136; x_wconf 90' lang='lat' dir='ltr'>omnia</span> <span class='ocrx_word' id='word_1_106' title='bbox 991 2069 1044 2135; x_wconf 83' lang='lat' dir='ltr'>vel</span> <span class='ocrx_word' id='word_1_107' title='bbox 1055 2069 1207 2154; x_wconf 87' lang='lat' dir='ltr'>pleraque</span> <span class='ocrx_word' id='word_1_108' title='bbox 1223 2067 1392 2154; x_wconf 85' lang='lat' dir='ltr'>perlectio-</span> 
     </span>
     <span class='ocr_line' id='line_1_16' title="bbox 318 2174 1392 2264; baseline -0.001 -21"><span class='ocrx_word' id='word_1_109' title='bbox 318 2214 323 2228; x_wconf 36' lang='grc' dir='ltr'><strong>κ</strong></span> <span class='ocrx_word' id='word_1_110' title='bbox 374 2175 446 2243; x_wconf 87' lang='lat' dir='ltr'>rum</span> <span class='ocrx_word' id='word_1_111' title='bbox 462 2176 672 2244; x_wconf 88' lang='lat' dir='ltr'>animantium</span> <span class='ocrx_word' id='word_1_112' title='bbox 687 2176 814 2242; x_wconf 83' lang='lat' dir='ltr'>uiscera</span> <span class='ocrx_word' id='word_1_113' title='bbox 828 2177 927 2244; x_wconf 89' lang='lat' dir='ltr'>etiam</span> <span class='ocrx_word' id='word_1_114' title='bbox 943 2177 977 2243; x_wconf 92' lang='lat' dir='ltr'>in</span> <span class='ocrx_word' id='word_1_115' title='bbox 996 2176 1202 2244; x_wconf 84' lang='lat' dir='ltr'>inferioribus</span> <span class='ocrx_word' id='word_1_116' title='bbox 1222 2174 1392 2264; x_wconf 84' lang='lat' dir='ltr'>generibus</span> 
     </span>
     <span class='ocr_line' id='line_1_17' title="bbox 345 2268 1392 2372; baseline -0.002 -22"><span class='ocrx_word' id='word_1_117' title='bbox 345 2268 351 2278; x_wconf 62' lang='grc'><strong>’</strong></span> <span class='ocrx_word' id='word_1_118' title='bbox 373 2285 523 2364; x_wconf 84' lang='lat' dir='ltr'>existere,</span> <span class='ocrx_word' id='word_1_119' title='bbox 536 2285 592 2351; x_wconf 88' lang='lat' dir='ltr'>sed</span> <span class='ocrx_word' id='word_1_120' title='bbox 603 2284 650 2350; x_wconf 91' lang='lat' dir='ltr'>ita</span> <span class='ocrx_word' id='word_1_121' title='bbox 661 2287 698 2351; x_wconf 92' lang='lat' dir='ltr'>ut</span> <span class='ocrx_word' id='word_1_122' title='bbox 713 2284 752 2350; x_wconf 93' lang='lat' dir='ltr'>ob</span> <span class='ocrx_word' id='word_1_123' title='bbox 766 2284 976 2372; x_wconf 82' lang='lat' dir='ltr'>exiguitatem</span> <span class='ocrx_word' id='word_1_124' title='bbox 988 2284 1096 2351; x_wconf 89' lang='lat' dir='ltr'>oculos</span> <span class='ocrx_word' id='word_1_125' title='bbox 1111 2282 1278 2372; x_wconf 84' lang='lat' dir='ltr'>lugerent:</span> <span class='ocrx_word' id='word_1_126' title='bbox 1295 2303 1392 2369; x_wconf 92' lang='lat' dir='ltr'>quam</span> 
     </span>
     <span class='ocr_line' id='line_1_18' title="bbox 373 2393 1394 2485; baseline -0.002 -27"><span class='ocrx_word' id='word_1_127' title='bbox 373 2394 570 2461; x_wconf 88' lang='lat' dir='ltr'>sententiam</span> <span class='ocrx_word' id='word_1_128' title='bbox 582 2393 711 2460; x_wconf 90' lang='lat' dir='ltr'>omnino</span> <span class='ocrx_word' id='word_1_129' title='bbox 727 2393 832 2485; x_wconf 80' lang='lat' dir='ltr'>rejicit</span> <span class='ocrx_word' id='word_1_130' title='bbox 848 2394 1023 2481; x_wconf 79' lang='lat' dir='ltr'>Starigita.</span> <span class='ocrx_word' id='word_1_131' title='bbox 1034 2394 1209 2460; x_wconf 85' lang='lat' dir='ltr'>uisceribus</span> <span class='ocrx_word' id='word_1_132' title='bbox 1225 2397 1263 2457; x_wconf 80' lang='grc' dir='ltr'>τὰ</span> <span class='ocrx_word' id='word_1_133' title='bbox 1278 2399 1394 2480; x_wconf 82' lang='grc' dir='ltr'>ἄναιμα</span> 
     </span>
     <span class='ocr_line' id='line_1_19' title="bbox 374 2499 1393 2592; baseline -0.002 -24"><span class='ocrx_word' id='word_1_134' title='bbox 374 2523 506 2588; x_wconf 90' lang='lat' dir='ltr'>prorsus</span> <span class='ocrx_word' id='word_1_135' title='bbox 520 2513 630 2568; x_wconf 85' lang='lat' dir='ltr'>carere</span> <span class='ocrx_word' id='word_1_136' title='bbox 649 2503 845 2570; x_wconf 87' lang='lat' dir='ltr'>contendens</span> <span class='ocrx_word' id='word_1_137' title='bbox 859 2499 906 2592; x_wconf 82' lang='lat'>(2)</span> <span class='ocrx_word' id='word_1_138' title='bbox 918 2529 925 2581; x_wconf 92' lang='lat'>;</span> <span class='ocrx_word' id='word_1_139' title='bbox 945 2523 1040 2588; x_wconf 90' lang='lat' dir='ltr'>quam</span> <span class='ocrx_word' id='word_1_140' title='bbox 1051 2507 1161 2569; x_wconf 88' lang='lat' dir='ltr'>tamen</span> <span class='ocrx_word' id='word_1_141' title='bbox 1175 2523 1253 2570; x_wconf 86' lang='lat' dir='ltr'>vero</span> <span class='ocrx_word' id='word_1_142' title='bbox 1265 2501 1393 2588; x_wconf 91' lang='lat' dir='ltr'>propio-</span> 
     </span>
     <span class='ocr_line' id='line_1_20' title="bbox 373 2610 1389 2698; baseline -0.002 -20"><span class='ocrx_word' id='word_1_143' title='bbox 373 2633 443 2678; x_wconf 89' lang='lat' dir='ltr'>rem</span> <span class='ocrx_word' id='word_1_144' title='bbox 470 2611 640 2690; x_wconf 86' lang='lat' dir='ltr'>0stendere</span> <span class='ocrx_word' id='word_1_145' title='bbox 661 2611 877 2678; x_wconf 86' lang='lat' dir='ltr'>recentiorum</span> <span class='ocrx_word' id='word_1_146' title='bbox 908 2611 1183 2698; x_wconf 79' lang='lat' dir='ltr'>investigationes.</span> <span class='ocrx_word' id='word_1_147' title='bbox 1216 2611 1278 2677; x_wconf 88' lang='lat' dir='ltr'>Sed</span> <span class='ocrx_word' id='word_1_148' title='bbox 1309 2610 1389 2686; x_wconf 88' lang='lat' dir='ltr'>haec,</span> 
     </span>
     <span class='ocr_line' id='line_1_21' title="bbox 321 2719 1393 2810; baseline -0.005 -21"><span class='ocrx_word' id='word_1_149' title='bbox 321 2803 323 2810; x_wconf 18' lang='grc' dir='ltr'><strong><em>Α</em></strong></span> <span class='ocrx_word' id='word_1_150' title='bbox 374 2725 593 2806; x_wconf 87' lang='lat' dir='ltr'>atqueomnes</span> <span class='ocrx_word' id='word_1_151' title='bbox 614 2720 685 2788; x_wconf 86' lang='lat' dir='ltr'>illas</span> <span class='ocrx_word' id='word_1_152' title='bbox 712 2722 940 2788; x_wconf 84' lang='lat' dir='ltr'>universorum</span> <span class='ocrx_word' id='word_1_153' title='bbox 970 2721 1147 2788; x_wconf 84' lang='lat' dir='ltr'>viventium</span> <span class='ocrx_word' id='word_1_154' title='bbox 1170 2719 1393 2805; x_wconf 85' lang='lat' dir='ltr'>descriptionis</span> 
     </span>
     <span class='ocr_line' id='line_1_22' title="bbox 374 2826 1390 2917; baseline -0.004 -21"><span class='ocrx_word' id='word_1_155' title='bbox 374 2832 408 2896; x_wconf 86' lang='lat' dir='ltr'>et</span> <span class='ocrx_word' id='word_1_156' title='bbox 423 2833 514 2896; x_wconf 87' lang='lat' dir='ltr'>ortus</span> <span class='ocrx_word' id='word_1_157' title='bbox 530 2829 697 2917; x_wconf 84' lang='lat' dir='ltr'>generales</span> <span class='ocrx_word' id='word_1_158' title='bbox 713 2849 855 2915; x_wconf 70' lang='lat' dir='ltr'>normae,</span> <span class='ocrx_word' id='word_1_159' title='bbox 878 2834 961 2915; x_wconf 84' lang='lat' dir='ltr'>quas</span> <span class='ocrx_word' id='word_1_160' title='bbox 973 2834 1094 2896; x_wconf 83' lang='lat' dir='ltr'>nostrae</span> <span class='ocrx_word' id='word_1_161' title='bbox 1105 2827 1223 2894; x_wconf 87' lang='lat' dir='ltr'>aetatis</span> <span class='ocrx_word' id='word_1_162' title='bbox 1244 2826 1390 2903; x_wconf 85' lang='lat' dir='ltr'>scientia,</span> 
     </span>
     <span class='ocr_line' id='line_1_23' title="bbox 375 2934 1394 3025; baseline -0.004 -21"><span class='ocrx_word' id='word_1_163' title='bbox 375 2940 426 3005; x_wconf 90' lang='lat' dir='ltr'>tot</span> <span class='ocrx_word' id='word_1_164' title='bbox 442 2938 672 3024; x_wconf 83' lang='lat' dir='ltr'>praeclarorum</span> <span class='ocrx_word' id='word_1_165' title='bbox 688 2937 891 3025; x_wconf 91' lang='lat' dir='ltr'>ingeniorum</span> <span class='ocrx_word' id='word_1_166' title='bbox 906 2936 1069 3004; x_wconf 87' lang='lat' dir='ltr'>laboribus</span> <span class='ocrx_word' id='word_1_167' title='bbox 1086 2941 1192 3013; x_wconf 88' lang='lat' dir='ltr'>aucta,</span> <span class='ocrx_word' id='word_1_168' title='bbox 1212 2939 1262 3002; x_wconf 87' lang='lat' dir='ltr'>tot</span> <span class='ocrx_word' id='word_1_169' title='bbox 1274 2934 1394 3021; x_wconf 86' lang='lat' dir='ltr'>specie·</span> 
     </span>
     <span class='ocr_line' id='line_1_24' title="bbox 375 3043 1396 3143; baseline -0.002 -32"><span class='ocrx_word' id='word_1_170' title='bbox 375 3065 459 3124; x_wconf 82' lang='lat' dir='ltr'>rum,</span> <span class='ocrx_word' id='word_1_171' title='bbox 479 3047 546 3113; x_wconf 88' lang='lat' dir='ltr'>sive</span> <span class='ocrx_word' id='word_1_172' title='bbox 562 3066 647 3112; x_wconf 90' lang='lat' dir='ltr'>nunc</span> <span class='ocrx_word' id='word_1_173' title='bbox 663 3046 852 3123; x_wconf 82' lang='lat' dir='ltr'>uiuentium,</span> <span class='ocrx_word' id='word_1_174' title='bbox 872 3046 939 3111; x_wconf 78' lang='lat' dir='ltr'>siue</span> <span class='ocrx_word' id='word_1_175' title='bbox 956 3047 1055 3112; x_wconf 84' lang='lat' dir='ltr'>terrae</span> <span class='ocrx_word' id='word_1_176' title='bbox 1072 3043 1273 3130; x_wconf 86' lang='lat' dir='ltr'>antiquitatis</span> <span class='ocrx_word' id='word_1_177' title='bbox 1291 3063 1396 3143; x_wconf 81' lang='lat' dir='ltr'>aequa·</span> 
     </span>
    </p>
   </div>
   <div class='ocr_carea' id='block_1_3' title="bbox 267 3139 1396 3241">
    <p class='ocr_par' dir='ltr' id='par_1_4' title="bbox 267 3139 1396 3241">
     <span class='ocr_line' id='line_1_25' title="bbox 267 3139 1396 3241; baseline -0.004 -20"><span class='ocrx_word' id='word_1_178' title='bbox 267 3155 269 3162; x_wconf 78' lang='grc'>’</span> <span class='ocrx_word' id='word_1_179' title='bbox 309 3181 339 3197; x_wconf 51' lang='grc'>«</span> <span class='ocrx_word' id='word_1_180' title='bbox 376 3152 466 3232; x_wconf 87' lang='lat' dir='ltr'>lium,</span> <span class='ocrx_word' id='word_1_181' title='bbox 501 3153 683 3241; x_wconf 86' lang='lat' dir='ltr'>cognitione</span> <span class='ocrx_word' id='word_1_182' title='bbox 701 3153 925 3230; x_wconf 67' lang='lat' dir='ltr'>subnixam</span> <span class='ocrx_word' id='word_1_183' title='bbox 941 3139 1143 3239; x_wconf 89' lang='lat' dir='ltr'>elonginquo</span> <span class='ocrx_word' id='word_1_184' title='bbox 1160 3151 1307 3238; x_wconf 85' lang='lat' dir='ltr'>adspicit,</span> <span class='ocrx_word' id='word_1_185' title='bbox 1326 3151 1396 3235; x_wconf 89' lang='lat' dir='ltr'>quis</span> 
     </span>
    </p>
   </div>
   <div class='ocr_carea' id='block_1_4' title="bbox 376 3260 1399 3894">
    <p class='ocr_par' dir='ltr' id='par_1_5' title="bbox 376 3260 1399 3894">
     <span class='ocr_line' id='line_1_26' title="bbox 378 3260 1395 3350; baseline -0.003 -23"><span class='ocrx_word' id='word_1_186' title='bbox 378 3262 517 3348; x_wconf 92' lang='lat' dir='ltr'>primum</span> <span class='ocrx_word' id='word_1_187' title='bbox 544 3263 689 3330; x_wconf 84' lang='lat' dir='ltr'>historiae</span> <span class='ocrx_word' id='word_1_188' title='bbox 713 3261 872 3350; x_wconf 81' lang='lat' dir='ltr'>naturalis</span> <span class='ocrx_word' id='word_1_189' title='bbox 893 3265 1057 3328; x_wconf 87' lang='lat' dir='ltr'>auctorem</span> <span class='ocrx_word' id='word_1_190' title='bbox 1084 3261 1217 3328; x_wconf 88' lang='lat' dir='ltr'>latuisse</span> <span class='ocrx_word' id='word_1_191' title='bbox 1241 3260 1395 3325; x_wconf 67' lang='lat' dir='ltr'>miretur?</span> 
     </span>
     <span class='ocr_line' id='line_1_27' title="bbox 377 3358 1396 3456; baseline -0.005 -18"><span class='ocrx_word' id='word_1_192' title='bbox 377 3371 451 3438; x_wconf 92' lang='lat' dir='ltr'>Non</span> <span class='ocrx_word' id='word_1_193' title='bbox 467 3392 600 3438; x_wconf 89' lang='lat' dir='ltr'>cernere</span> <span class='ocrx_word' id='word_1_194' title='bbox 616 3371 645 3437; x_wconf 91' lang='lat' dir='ltr'>ei</span> <span class='ocrx_word' id='word_1_195' title='bbox 661 3371 762 3450; x_wconf 84' lang='lat' dir='ltr'>licuit,</span> <span class='ocrx_word' id='word_1_196' title='bbox 780 3359 866 3456; x_wconf 53' lang='lat' dir='ltr'>&#39;quod</span> <span class='ocrx_word' id='word_1_197' title='bbox 882 3358 1063 3437; x_wconf 83' lang='lat' dir='ltr'>admirabili</span> <span class='ocrx_word' id='word_1_198' title='bbox 1080 3369 1169 3454; x_wconf 84' lang='lat' dir='ltr'>quasi</span> <span class='ocrx_word' id='word_1_199' title='bbox 1202 3368 1396 3435; x_wconf 84' lang='lat' dir='ltr'>divinatione</span> 
     </span>
     <span class='ocr_line' id='line_1_28' title="bbox 376 3477 1395 3566; baseline -0.003 -21"><span class='ocrx_word' id='word_1_200' title='bbox 376 3478 536 3547; x_wconf 82' lang='lat' dir='ltr'>intellexit</span> <span class='ocrx_word' id='word_1_201' title='bbox 565 3477 965 3566; x_wconf 65' lang='lat' dir='ltr'>deorsum-samaritano,</span> <span class='ocrx_word' id='word_1_202' title='bbox 983 3477 1136 3546; x_wconf 88' lang='lat' dir='ltr'>animalia</span> <span class='ocrx_word' id='word_1_203' title='bbox 1151 3497 1221 3563; x_wconf 91' lang='lat' dir='ltr'>quae</span> <span class='ocrx_word' id='word_1_204' title='bbox 1238 3497 1278 3543; x_wconf 86' lang='lat' dir='ltr'>ex</span> <span class='ocrx_word' id='word_1_205' title='bbox 1294 3495 1395 3542; x_wconf 88' lang='lat' dir='ltr'>annu-</span> 
     </span>
     <span class='ocr_line' id='line_1_29' title="bbox 377 3577 1397 3683; baseline -0.003 -30"><span class='ocrx_word' id='word_1_206' title='bbox 377 3587 416 3654; x_wconf 92' lang='lat' dir='ltr'>lis</span> <span class='ocrx_word' id='word_1_207' title='bbox 447 3592 597 3674; x_wconf 83' lang='lat' dir='ltr'>constant</span> <span class='ocrx_word' id='word_1_208' title='bbox 612 3609 632 3654; x_wconf 91' lang='lat' dir='ltr'>a</span> <span class='ocrx_word' id='word_1_209' title='bbox 650 3577 850 3683; x_wconf 66' lang='lat' dir='ltr'>sertebratis</span> <span class='ocrx_word' id='word_1_210' title='bbox 874 3588 935 3654; x_wconf 88' lang='lat' dir='ltr'>hoo</span> <span class='ocrx_word' id='word_1_211' title='bbox 961 3587 1121 3674; x_wconf 90' lang='lat' dir='ltr'>praecipue</span> <span class='ocrx_word' id='word_1_212' title='bbox 1146 3583 1286 3662; x_wconf 84' lang='lat' dir='ltr'>differre,</span> <span class='ocrx_word' id='word_1_213' title='bbox 1314 3583 1397 3670; x_wconf 87' lang='lat' dir='ltr'>quod</span> 
     </span>
     <span class='ocr_line' id='line_1_30' title="bbox 378 3696 1397 3784; baseline -0.005 -22"><span class='ocrx_word' id='word_1_214' title='bbox 378 3697 540 3766; x_wconf 88' lang='lat' dir='ltr'>contrario</span> <span class='ocrx_word' id='word_1_215' title='bbox 557 3696 681 3775; x_wconf 86' lang='lat' dir='ltr'>habitu,</span> <span class='ocrx_word' id='word_1_216' title='bbox 700 3697 784 3783; x_wconf 91' lang='lat' dir='ltr'>quod</span> <span class='ocrx_word' id='word_1_217' title='bbox 799 3696 893 3763; x_wconf 90' lang='lat' dir='ltr'>nobis</span> <span class='ocrx_word' id='word_1_218' title='bbox 908 3699 1036 3784; x_wconf 89' lang='lat' dir='ltr'>tergum</span> <span class='ocrx_word' id='word_1_219' title='bbox 1059 3699 1127 3773; x_wconf 87' lang='lat' dir='ltr'>est,</span> <span class='ocrx_word' id='word_1_220' title='bbox 1153 3714 1301 3781; x_wconf 91' lang='lat' dir='ltr'>pronum,</span> <span class='ocrx_word' id='word_1_221' title='bbox 1321 3713 1397 3758; x_wconf 87' lang='lat' dir='ltr'>ren-</span> 
     </span>
     <span class='ocr_line' id='line_1_31' title="bbox 377 3802 1399 3894; baseline -0.009 -20"><span class='ocrx_word' id='word_1_222' title='bbox 377 3809 461 3874; x_wconf 91' lang='lat' dir='ltr'>trem</span> <span class='ocrx_word' id='word_1_223' title='bbox 488 3810 594 3874; x_wconf 88' lang='lat' dir='ltr'>autem</span> <span class='ocrx_word' id='word_1_224' title='bbox 610 3807 760 3894; x_wconf 88' lang='lat' dir='ltr'>supinum</span> <span class='ocrx_word' id='word_1_225' title='bbox 783 3807 938 3886; x_wconf 84' lang='lat' dir='ltr'>habeant,</span> <span class='ocrx_word' id='word_1_226' title='bbox 963 3805 1011 3875; x_wconf 93' lang='lat' dir='ltr'>ita</span> <span class='ocrx_word' id='word_1_227' title='bbox 1037 3808 1074 3872; x_wconf 86' lang='lat' dir='ltr'>ut</span> <span class='ocrx_word' id='word_1_228' title='bbox 1104 3803 1194 3890; x_wconf 85' lang='lat' dir='ltr'>quasi</span> <span class='ocrx_word' id='word_1_229' title='bbox 1210 3802 1399 3888; x_wconf 86' lang='lat' dir='ltr'>resupinata</span> 
     </span>
    </p>
   </div>
   <div class='ocr_carea' id='block_1_5' title="bbox 414 4008 933 4210">
    <p class='ocr_par' dir='ltr' id='par_1_6' title="bbox 414 4008 933 4210">
     <span class='ocr_line' id='line_1_32' title="bbox 415 4008 933 4104; baseline -0.002 -17"><span class='ocrx_word' id='word_1_230' title='bbox 415 4033 448 4098; x_wconf 72' lang='lat' dir='ltr'>tlt</span> <span class='ocrx_word' id='word_1_231' title='bbox 470 4032 593 4104; x_wconf 81' lang='lat' dir='ltr'>Depert.</span> <span class='ocrx_word' id='word_1_232' title='bbox 608 4029 757 4102; x_wconf 79' lang='lat' dir='ltr'>animlll,</span> <span class='ocrx_word' id='word_1_233' title='bbox 770 4008 836 4088; x_wconf 52' lang='lat' dir='ltr'>la(</span> <span class='ocrx_word' id='word_1_234' title='bbox 869 4047 884 4095; x_wconf 87' lang='grc'>,·</span> <span class='ocrx_word' id='word_1_235' title='bbox 930 4087 933 4096; x_wconf 69' lang='grc'>,</span> 
     </span>
     <span class='ocr_line' id='line_1_33' title="bbox 414 4135 825 4210; baseline -0.002 -18"><span class='ocrx_word' id='word_1_236' title='bbox 414 4138 448 4208; x_wconf 66' lang='lat' dir='ltr'>lat</span> <span class='ocrx_word' id='word_1_237' title='bbox 466 4139 590 4210; x_wconf 81' lang='lat' dir='ltr'>Dcpart.</span> <span class='ocrx_word' id='word_1_238' title='bbox 606 4135 694 4196; x_wconf 88' lang='lat' dir='ltr'>anim.</span> <span class='ocrx_word' id='word_1_239' title='bbox 710 4137 759 4209; x_wconf 79' lang='lat' dir='ltr'>ln,</span> <span class='ocrx_word' id='word_1_240' title='bbox 772 4139 800 4192; x_wconf 72' lang='lat' dir='ltr'>t.</span> <span class='ocrx_word' id='word_1_241' title='bbox 823 4135 825 4138; x_wconf 82' lang='grc'><strong>’</strong></span> 
     </span>
    </p>
   </div>
   <div class='ocr_carea' id='block_1_6' title="bbox 0 0 1575 4932">
    <p class='ocr_par' dir='ltr' id='par_1_7' title="bbox 0 0 1575 4932">
     <span class='ocr_line' id='line_1_34' title="bbox 0 0 1575 4932; baseline 0 0"><span class='ocrx_word' id='word_1_242' title='bbox 0 0 1575 4932; x_wconf 95' lang='lat' dir='ltr'> </span> 
     </span>
    </p>
   </div>
  </div>
 </body>
</html>
