3134 4938
815 519 998 588 *20*-

398 662 674 741 nontentarerit3
693 662 750 730 sed
773 663 954 750 praecipuas
975 661 1154 749 specierum
1174 664 1252 730 tune
1273 659 1418 749 cognita·

398 791 471 838 rum
484 770 681 838 differentias
702 772 850 858 apprime
871 772 998 840 notarit
1013 769 1075 862 (l),
1101 771 1345 858 praesertimque
1365 789 1422 857 pe·

399 880 524 948 dumet
539 880 701 959 dentium,
720 901 855 966 qnorum
877 880 1053 948 maximum
1077 879 1239 948 intellexit
1256 900 1331 948 esse·
1353 899 1422 947 mo-

398 992 553 1067 mentum,
572 1009 669 1076 quum
688 989 793 1056 victus
818 987 958 1074 vitaeque
983 1009 1086 1076 genus
1113 1009 1155 1054 ex
1176 988 1228 1056 his
1255 987 1417 1075 pendeat;

399 1117 477 1182 quas
491 1097 635 1176 rationes
651 1097 753 1164 secuti
769 1102 846 1166 sunt
860 1096 1029 1166 Ouvierius
1057 1096 1230 1182 caeterique
1248 1096 1304 1181 qui
1325 1096 1420 1183 hujus

398 1205 638 1276 classis-verum
654 1206 800 1274 ordinem
814 1205 996 1274 instituere.
1014 1205 1090 1272 Alie
1109 1205 1209 1294 igitur
1223 1203 1418 1288 amaneus

396 1315 532 1402 pedibus
546 1314 712 1384 multifidis
728 1314 940 1400 dentibusque
955 1301 1091 1382 serratis
1110 1319 1143 1382 et
1158 1315 1262 1382 acutis
1285 1313 1414 1392 instrui,

397 1423 596 1509 reliquorum
610 1424 723 1492 dentes
740 1423 920 1501 continuos,
939 1423 997 1490 sed
1013 1444 1055 1490 ex
1069 1422 1121 1490 his
1136 1426 1262 1509 partem
1282 1422 1415 1509 pedibus

396 1529 514 1612 bifidis,
533 1517 876 1619 stomachispluribus,
890 1532 1023 1598 maxilla
1038 1531 1195 1618 superiori
1207 1531 1313 1598 eutice
1329 1530 1415 1598 nuda

396 1639 682 1720 faciledefinitam,
700 1646 827 1729 partem
843 1641 923 1728 pede
940 1641 1043 1710 solido
1069 1640 1229 1728 insignem
1251 1662 1272 1707 a
1289 1640 1417 1734 caeteris

397 1751 542 1836 separari
565 1751 807 1818 animadvertit.
828 1749 1009 1837 Singularis
1032 1753 1084 1816 est
1098 1751 1273 1838 phocarum
1300 1749 1413 1826 forma,

397 1878 468 1943 quae
489 1860 531 1926 ad
552 1859 687 1946 piscium
713 1859 851 1946 figuram
878 1858 999 1937 tendit,
1026 1862 1059 1925 et
1081 1857 1331 1945 vespertilionis,
1363 1858 1415 1944 qui

396 1967 503 2035 auium
518 1973 645 2036 naturae
661 1968 822 2054 particeps
839 1988 910 2034 esse
921 1967 1050 2034 ridetur
1067 1964 1126 2056 (2).

441 2077 597 2145 Ultimum
610 2077 745 2163 danique
761 2076 906 2144 ordinem
918 2075 1003 2143 inter
1015 2075 1201 2142 Mammalia
1215 2075 1413 2145 recentiores

394 2189 578 2264 numerant,
597 2186 651 2271 qui
667 2185 828 2253 exteriore
852 2185 995 2272 corporis
1021 2183 1134 2250 habitu
1157 2183 1199 2250 ad
1217 2184 1322 2270 pisces
1341 2204 1414 2270 pro-

371 2333 376 2344 ·
394 2292 466 2377 pius
482 2295 580 2382 etiam
596 2293 731 2372 accedit,
746 2314 785 2358 ea
797 2293 1014 2359 continentem
1026 2313 1098 2379 qnae
1109 2295 1179 2358 cete
1194 2291 1409 2379 appellentur.

395 2402 473 2477 Quae
486 2403 613 2487 quidem
629 2405 704 2488 apte
716 2401 886 2488 descripsit
895 2401 1101 2480 Aristoteles,
1118 2405 1150 2470 et
1162 2399 1318 2486 quomodo
1333 2421 1414 2468 vera

393 2514 546 2577 naturae
561 2511 702 2597 piscibus
720 2510 815 2597 longe
831 2510 1021 2578 recederent
1037 2510 1156 2596 optime
1171 2485 1320 2596 expos'uit
1335 2506 1382 2599 (3)
1402 2535 1411 2586 ;

393 2640 432 2686 ea
447 2620 532 2687 enim
545 2641 604 2707 ope
616 2620 803 2707 pulmonum
815 2619 950 2706 spirare,
965 2619 1125 2706 periectas
1137 2618 1244 2705 proles
1256 2637 1413 2706 generare

390 2749 510 2814 easque
526 2730 610 2797 laete
633 2730 720 2797 alere
736 2750 823 2816 saepe
838 2733 940 2798 notat.
960 2729 1031 2798 Hoc
1049 2727 1134 2796 enim
1154 2747 1224 2793 asse
1246 2737 1413 2804 commune

391 2823 538 2906 omnibus
558 2839 598 2907 iis
619 2838 790 2926 generibus
811 2859 884 2924 quae
904 2838 973 2925 J'am
991 2841 1181 2906 enumerata
1201 2821 1288 2914 s'unt,
1316 2838 1349 2902 et
1372 2834 1412 2901 iis

390 2946 468 3041 solis
484 2947 683 3034 contingere,
703 2947 788 3032 quod
803 2966 960 3012 mammes
978 2944 1136 3022 habeant,
1150 2949 1239 3012 recte
1253 2943 1347 3022 vidit,
1366 2942 1414 3010 ita

391 3061 427 3122 ut
441 3055 524 3122 nihil
546 3056 649 3123 ferme
671 3054 914 3140 insequentibus
934 3053 1118 3122 auctoribus
1138 3051 1319 3119 faciendum
1340 3051 1413 3117 reli-

386 3164 507 3248 querit,
526 3163 589 3230 nisi
604 3167 642 3231 ut
657 3184 706 3242 ea,
723 3182 859 3249 quorum
875 3162 1100 3249 cognationem
1120 3161 1288 3248 perspicue
1304 3163 1412 3229 osten-

390 3270 493 3352 derat,
513 3272 690 3341 eommunis
704 3270 844 3338 nominis
859 3271 987 3368 vinculo
1003 3270 1204 3357 colligarent.

433 3381 484 3448 Ex
499 3381 604 3448 tribus
629 3381 757 3448 caeteris
776 3379 1038 3446 vertebratorum
1064 3378 1220 3445 classibus
1244 3377 1356 3446 Pisces
1376 3384 1411 3447 et

387 3489 474 3558 Ares
491 3490 603 3558 eodem
618 3490 748 3558 nomine
763 3489 939 3576 iisdemque
956 3489 1078 3584 xfinibus
1103 3488 1189 3576 apud
1211 3488 1410 3556 recentiores

387 3603 420 3668 et
435 3600 645 3667 Aristotelem
661 3573 987 3677 circumscribuntur;
1006 3597 1186 3686 Raptilium
1201 3617 1279 3672 vero
1295 3596 1409 3664 classis

386 3729 441 3775 eas
462 3699 642 3777 animantes
662 3707 904 3795 comprehendit
934 3728 1013 3795 quas
1042 3706 1203 3794 Oviparas
1231 3709 1407 3776 terrestres

422 3946 455 4010 (tt
476 3941 546 4000 llist.
567 3941 667 4013 anim,
686 3944 722 4014 lt,
737 3945 798 4028 1-’17

421 4052 454 4115 tit
476 4053 516 4106 lle
530 4055 605 4122 part.
622 4048 713 4108 anim.
730 4052 775 4120 lV,
787 4051 831 4106 13.

418 4158 451 4224 (8)
473 4154 544 4213 ilist.
560 4154 663 4226 purim,
679 4157 715 4226 lt,
732 4157 766 4211 13
782 4163 811 4210 et
822 4156 865 4212 lb.
882 4155 923 4210 bo
939 4155 1012 4226 puri.
1027 4150 1116 4225 noim,
1135 4151 1386 4224 111,o,etlv,13.
