3106 4932
790 545 974 622 292..

376 698 500 775 haeret,
519 718 558 765 ac
573 699 754 785 praesertim
770 699 833 765 illis
846 699 978 765 summis
987 697 1062 764 boni
1075 702 1108 765 et
1118 698 1244 786 pulchri
1255 701 1389 777 normis,

377 826 448 892 quae
464 827 617 895 generum
633 810 666 873 et
681 808 858 894 specierum
880 810 976 894 atque
992 807 1120 886 omniuo
1142 813 1329 876 cunctarum
1343 809 1391 875 le·

358 910 464 1002 ‘gum
484 914 595 1001 quibus
609 917 744 982 materia
760 917 894 1004 regitur,
910 937 1015 982 causae
1032 919 1117 982 sunt.

422 1023 504 1091 Illud
520 1024 605 1090 enim
620 1024 778 1091 excellens
792 1029 824 1091 et
839 1023 993 1100 divinum,
1018 1025 1101 1109 quod
1123 1028 1230 1091 menta
1254 1026 1391 1112 concipi-

376 1151 458 1208 mus,
477 1132 568 1198 nobis
584 1132 711 1218 quidem
734 1137 869 1218 apparet
884 1138 920 1201 ut
935 1132 1073 1199 heminis
1090 1133 1255 1220 exemplar
1270 1138 1303 1201 et
1318 1133 1390 1202 finis

376 1243 409 1306 et
424 1240 493 1319 lex3
513 1241 627 1326 quippe
640 1242 722 1326 quod
734 1224 889 1328 principio
903 1241 1009 1308 emnia
1024 1242 1188 1308 contineat
1203 1263 1273 1328 quae
1286 1264 1344 1329 per
1355 1265 1389 1310 se

377 1350 556 1435 expetenda
568 1350 632 1416 sint
642 1354 674 1416 et
686 1343 730 1416 ad
739 1350 819 1416 bene
831 1350 986 1436 beateque
1002 1350 1173 1416 vivendum
1188 1352 1386 1437 pertineant;

376 1477 489 1525 rursus
501 1458 766 1553 perfectissimam
786 1459 916 1527 uirtutis
932 1459 1069 1546 effigiem
1086 1463 1219 1536 statuat,
1238 1460 1390 1546 adquam

268 1585 270 1596 ·
376 1587 411 1633 se
427 1559 596 1655 componat
608 1569 796 1654 quicumque
809 1569 998 1656 dignitatem
1014 1589 1104 1635 suam
1121 1573 1154 1635 et
1169 1570 1390 1655 praestantiam

376 1697 507 1743 servare
529 1681 625 1763 atque
648 1678 887 1764 augere'uelit;
912 1679 1047 1764 denique
1064 1678 1211 1744 omnisin
1226 1678 1389 1744 hominum

376 1785 530 1853 societate
537 1786 621 1872 juris
637 1791 670 1854 et
681 1787 817 1874 justitiae
831 1787 873 1853 sit
889 1807 1041 1853 mensura
1052 1808 1090 1853 ac
1105 1787 1308 1874 principium.
1329 1788 1390 1854 Sed

374 1892 493 1960 bonum
514 1895 593 1961 iilud
617 1895 700 1981 quod
723 1899 759 1962 ut
783 1899 928 1982 optatum
950 1895 1046 1962 finem
1069 1895 1170 1961 libere
1188 1895 1391 1995 persequitur

374 2001 534 2082 voluntas
553 2003 637 2089 quod
657 2007 769 2070 notum
790 2005 955 2091 exemplar
966 2005 1122 2082 imitatur,
1140 2003 1229 2089 cujus
1245 2025 1390 2070 normam

376 2109 436 2177 sibi
459 2112 550 2196 quasi
580 2112 815 2192 sanctissimam
845 2113 949 2200 legem
969 2113 1053 2179 ratio
1077 2113 1147 2199 ipsa
1163 2113 1308 2198 imponit,
1326 2133 1390 2178 non
1511 2163 1512 2174 ,

374 2222 502 2287 tantum
519 2221 553 2286 in
572 2220 701 2287 homine
724 2221 916 2308 intelligenti
936 2226 969 2289 et
991 2222 1140 2289 libertate
1156 2221 1292 2308 praedite
1307 2222 1390 2288 hanc

375 2328 474 2396 habet
489 2330 725 2406 auctoritatem,
745 2330 801 2396 sed
816 2351 880 2396 non
896 2329 1000 2396 minus
1016 2330 1103 2396 ualet
1114 2330 1147 2396 in
1162 2329 1258 2396 rebus
1274 2330 1389 2396 mentis

368 2437 572 2525 ¹rationisque
589 2438 774 2526 expertibus
791 2465 797 2504 :
818 2459 872 2505 eas
890 2438 1019 2505 certiori
1035 2426 1214 2526 imperiqet
1229 2437 1389 2506 inviolatis

374 2545 498 2633 legibus
523 2551 659 2625 coercet,
679 2551 715 2614 ut
730 2548 780 2614 ad·
794 2547 891 2614 finem
907 2548 1105 2635 assignatum
1121 2547 1270 2624 adducat,
1288 2552 1388 2614 mate-

373 2655 517 2741 riamque
533 2676 590 2741 per
605 2660 694 2722 ratos
711 2658 830 2743 gradus
843 2657 884 2723 ad
899 2654 1019 2722 formas
1035 2656 1138 2743 magis
1154 2676 1191 2722 ac
1207 2656 1309 2742 magis
1321 2655 1389 2742 pul·

374 2762 556 2830 chritudine
569 2765 820 2850 praestantiaque
836 2765 1012 2831 eminentes
1023 2765 1115 2852 jubat
1130 2762 1314 2856 ascendere.

419 2873 511 2938 Hane
527 2874 642 2938 summi
656 2873 732 2940 boni
747 2876 941 2961 potestatem
951 2873 1162 2960 etimperium
1177 2873 1211 2938 in
1227 2892 1292 2950 res,
1309 2892 1386 2958 quas

250 2995 252 2998 ’
374 2981 545 3058 cernimus,
565 2983 696 3070 agnovit
712 3001 789 3048 sane
801 2981 1005 3059 Aristoteles,
1023 3001 1125 3066 neque
1137 2980 1177 3046 iis
1192 2979 1388 3066 philosophis
1435 3039 1437 3046 Α

374 3088 551 3156 assentitur
563 3090 616 3175 qui
630 3090 793 3175 'optimum
810 3092 843 3154 et
862 3089 1112 3175 pulcherrimum
1128 3089 1273 3175 quodque
1288 3089 1322 3155 in
1337 3110 1389 3155 re·
1446 3174 1450 3188 μ

374 3217 447 3264 rum
463 3197 602 3263 termino
621 3202 749 3264 tantum
765 3201 798 3264 et
813 3197 913 3274 exitu,
931 3218 996 3264 non
1011 3197 1045 3263 in
1060 3196 1224 3284 principiis
1251 3197 1389 3263 existere

375 3309 569 3372 censuerunt
584 3302 650 3396 (1);
675 3306 709 3370 in
727 3303 874 3372 omnibus
887 3289 1000 3372 contra
1011 3306 1130 3373 bonurn
1146 3325 1216 3371 esse
1232 3305 1266 3370 in
1277 3305 1389 3391 primis

374 3402 565 3492 principium
572 3408 737 3471 asseverat
747 3402 793 3494 (2)
806 3425 937 3490 meque,
953 3405 1223 3491 utAnauagoras,
1233 3424 1389 3470 summam

407 3684 440 3750 tit
459 3671 540 3735 Ὅσοι
548 3671 576 3734 δὲ
584 3669 924 3755 ὑπολαμὸάνουσινγῶσπερ
935 3671 1137 3756 οἱΠυθαγόρειοι
1152 3671 1197 3732 καὶ
1207 3670 1387 3747 Σπεύσιππος,

373 3769 403 3828 τὸ
422 3769 525 3854 ἄριστον
544 3770 588 3832 καὶ
606 3770 746 3832 κάλλιστον
766 3769 802 3850 μὴ
819 3774 846 3832 ἐν
862 3774 932 3855 ἀρχῇ
949 3761 1026 3845 εἶναι,
1044 3769 1087 3831 διὰ
1101 3769 1133 3860 ct
1147 3769 1253 3831 καὶτῶν
1262 3767 1335 3839 ζώων
1344 3769 1389 3830 καὶ

374 3871 426 3926 τῶν
440 3873 525 3952 φυτῶν
540 3867 588 3937 τὰς
604 3867 687 3953 ἀρχὰς
708 3868 777 3929 αἴτια
792 3868 839 3948 μὲν
858 3859 935 3945 εἶναι,
954 3869 984 3929 τὸ
1004 3867 1031 3930 δὲ
1049 3868 1129 3931 καλὸν
1145 3869 1190 3929 καὶ
1205 3868 1236 3928 τὸ
1249 3866 1347 3928 τέλειον
1362 3870 1389 3928 ἐν

373 3967 428 4032 τοῖς
452 3969 481 4025 ἐκ
500 3965 619 4041 τούτων,
646 3969 692 4026 οὐκ
719 3969 799 4050 ὀρθῶς
821 3965 928 4027 οἴονται.
951 3974 1085 4048 Metaph.‚
1110 3977 1168 4044 xa,
1195 3977 1221 4032 7.
1249 4003 1279 4014 -
1303 3962 1388 4044 lind..

374 4063 443 4132 xiv,
458 4066 485 4120 a.

413 4185 446 4258 a)
461 4183 600 4262 Metam„
611 4189 670 4260 xli,
685 4189 729 4247 10.
745 4177 839 4240 Καίτοι
849 4181 875 4241 ἐν
885 4179 966 4241 ἅπασι
974 4179 1005 4240 τὸ
1015 4179 1108 4261 ἀγαθὸν
1119 4178 1235 4262 μάλιστα
1243 4177 1315 4262 ἀρχή
1320 4225 1328 4241 .
