3134 4938
781 495 969 568 „flssm

365 642 512 732 corporis
532 639 604 730 pari
623 640 864 728 conpositione
874 639 1202 728 constent,·'pluribus
1216 641 1303 712 uotis
1319 645 1386 712 sta'·

367 754 428 822 tim
439 750 683 820 determinanda
698 755 784 818 sunt.
1316 753 1320 760 ”

413 863 532 960 Omnes
543 863 654 930 bnon
670 860 742 930 ilias
757 861 962 930 diversarum
978 860 1123 949 eorporis
1138 859 1280 948 partium
1294 859 1385 930 dide

365 969 488 1038 centias
503 990 570 1041 non
593 968 737 1038 eamdem
757 969 824 1037 rim
844 963 878 1038 et
897 976 1028 1056 aequum
1047 975 1244 1046 momentum
1264 971 1385 1042 habere

362 1080 447 1148 uidit
466 1079 680 1167 philosophus·
695 1105 702 1146 ι
722 1099 820 1164 quare
834 1079 875 1148 iis
892 1101 964 1166 quae
975 1081 1010 1148 in
1025 1079 1167 1148 essentia
1181 1081 1308 1161 insunt,
1319 1101 1385 1149 non

363 1187 594 1267 accidentibus,
607 1186 752 1274 quemvis
761 1189 994 1270 constantibus,
1010 1189 1153 1258 dividere
1164 1190 1312 1278 praecipit
1321 1186 1381 1280 (1)

365 1299 445 1380 Quae
459 1300 536 1364 sunt
550 1297 651 1385 igitur
665 1297 883 1366 illaesscntiae
898 1297 1079 1366 elementor
1092 1299 1142 1366 Ea
1157 1298 1299 1386 profesto
1313 1297 1384 1384 quae

362 1406 527 1494 propriam
541 1409 576 1472 et
584 1404 794 1494 principalem
808 1407 956 1474 annualis
968 1411 1120 1480 naturam
1136 1407 1337 1476 constituunt
1351 1410 1385 1476 et

363 1516 526 1604 equibus,
549 1514 641 1602 quasi
662 1537 705 1584 ex
727 1499 843 1595 causis,
868 1517 1010 1604 pandant
1035 1521 1164 1586 ceterae
1179 1521 1278 1586 notae.
1293 1518 1383 1594 Quo-

362 1627 456 1694 modo
468 1628 581 1693 autem
591 1625 648 1691 illa
663 1645 839 1717 agnoscere
862 1626 960 1694 liceat
975 1628 1009 1694 et
1022 1625 1299 1694 abaeeidentibus
1320 1625 1384 1692 dis·

360 1735 521 1824 tinguere,
551 1753 617 1802 non
641 1733 737 1802 facile
757 1735 958 1822 eStagiritae
980 1735 1072 1803 libris
1092 1735 1271 1823 collegeris.
1283 1733 1384 1810 Quod

361 1844 542 1932 exemplum
565 1843 620 1910 hie
633 1841 739 1924 affert,
766 1844 806 1910 in
821 1845 1024 1932 geometricis
1052 1846 1170 1924 sumit;
1193 1845 1276 1913 solet
1296 1843 1382 1912 enim

361 1955 503 2022 omnium
523 1953 730 2020 scientiarum
750 1952 894 2022 rationes
914 1954 1076 2022 miscere:
1103 1954 1131 2021 si
1154 1953 1236 2040 quis,
1260 1952 1318 2033 ait,
1341 1971 1383 2018 ex

360 2063 473 2150 figuris
522 2062 698 2149 separatim
737 2067 873 2148 poneret
913 2083 968 2129 eas
1005 2083 1076 2150 quae
1117 2044 1240 2130 duobus
1284 2061 1382 2131 raetis

360 2175 457 2258 atque
499 2191 553 2237 eas
596 2192 667 2257 queo
706 2163 851 2258 pluribus
888 2172 1022 2259 angulos
1060 2171 1200 2258 aequales
1236 2169 1378 2250 habent,

359 2281 387 2346 is
422 2280 620 2367 triangulum
656 2300 722 2346 non
761 2281 924 2360 essentia,
969 2281 1027 2347 sed
1071 2281 1236 2348 accidente
1273 2279 1380 2347 deter-

358 2389 508 2458 minaret.
542 2389 607 2456 Sed
639 2388 673 2455 in
705 2407 815 2454 rerum
844 2389 1022 2456 viventium
1053 2389 1188 2458 scientia
1217 2409 1283 2455 non
1313 2391 1391 2454 tam-

359 2497 450 2565 facile
478 2501 625 2585 apparet,
655 2511 750 2582 quam
777 2498 811 2565 in
838 2498 1087 2576 mathematicis,
1119 2498 1194 2584 quid
1222 2497 1265 2564 sit
1291 2497 1380 2582 prin·

358 2607 487 2694 cipium‚
508 2627 579 2691 quae
599 2607 840 2692 consequentia,
868 2607 957 2694 cujus
980 2608 1083 2694 partis
1099 2607 1133 2673 in
1148 2611 1220 2674 tota
1236 2605 1381 2691 corporis

359 2716 573 2802 descriptione
590 2714 722 2780 definita
743 2714 848 2782 forma
864 2720 920 2783 aut
937 2716 1040 2802 qualis
1055 2717 1139 2784 ratio
1156 2735 1253 2804 eausa
1269 2714 1313 2779 sit
1328 2733 1382 2779 eo-

358 2845 431 2891 rum
443 2845 514 2909 quae
533 2823 567 2888 in
589 2823 722 2908 reliquis
735 2823 885 2908 partibus
902 2829 1089 2893 constanter
1105 2823 1200 2890 simul
1216 2821 1376 2890 accidunt.
1393 2888 1396 2896 ,

358 2935 416 3000 Eae
432 2932 517 2998 enim
532 2937 643 3016 partes
660 2950 731 3015 quae
746 2931 787 2997 ad
807 2933 884 3000 ritae
903 2933 1180 3000 conservationem
1196 2934 1229 2996 et
1244 2949 1381 2996 munera

358 3040 509 3108 videntur
524 3039 664 3104 maxime
679 3040 884 3120 necessariae,
904 3059 969 3108 non
983 3061 1110 3126 semper
1132 3039 1254 3105 eaedem
1276 3038 1380 3104 maxi-

357 3169 409 3220 me
435 3147 546 3214 valent
563 3147 604 3213 sd
622 3147 778 3232 reliquam
798 3149 944 3235 corporis
960 3147 1224 3234 compositionem
1240 3144 1379 3232 propriis

358 3255 588 3328 mutationibus
609 3255 897 3336 determinandam,
921 3279 1024 3343 neque
1039 3257 1074 3322 in
1090 3275 1245 3344 generum
1270 3254 1379 3321 distri·

357 3366 488 3433 butione
503 3365 607 3450 primo
632 3365 734 3452 gradu
759 3364 877 3432 debent
901 3365 1110 3432 considerari.
1144 3364 1282 3462 Propius
1302 3383 1381 3429 vero

357 3474 486 3542 videtur
498 3473 644 3559 quaedam
660 3493 731 3539 esse
753 3474 950 3561 exemplaria
966 3495 1101 3562 quorum
1117 3473 1169 3556 ad,
1179 3471 1329 3560 effigiem,
1344 3473 1383 3537 ut

357 3583 443 3650 infra
463 3583 661 3662 ostendetur,
683 3583 837 3670 cujusque
862 3583 990 3672 generis
1017 3582 1195 3650 eommunis
1219 3585 1383 3648 structura

357 3700 511 3780 expressa
538 3691 592 3771 sit,
617 3695 651 3758 et
679 3711 720 3759 ex
747 3692 810 3759 hae
837 3692 950 3761 formae
974 3692 1167 3760 necessitato
1196 3688 1382 3757 animalium

306 3959 309 3966 ⁴
393 3925 426 3996 iii
446 3927 487 3981 ne
502 3928 575 3996 part.
591 3923 681 3980 anim.
706 3925 727 3994 Ι,
748 3924 775 3982 3.
792 3923 855 3986 Ἔτι
873 3928 980 4010 διαιρεῖν
1000 3924 1052 4008 χρὴ
1069 3911 1124 3994 τοῖς
1143 3927 1216 4007 tari,
1232 3921 1318 4008 odoia,
1338 3919 1384 3983 sed

358 4022 395 4104 μὴ
410 4026 464 4090 τοῖς
477 4021 656 4102 συμὸεὸηκόσι
669 4021 806 4082 καθἀὑτό·
823 4016 881 4084 οἷον
897 4023 920 4084 εἴ
937 4049 976 4092 τις
996 4023 1030 4084 τὰ
1051 4023 1179 4106 σχήματα
1202 4019 1325 4106 trapetis,
1342 4020 1384 4081 ὅτι

355 4119 390 4183 τὰ
413 4118 461 4202 μὲν
479 4120 549 4182 δυσὶν
568 4123 654 4205 ὀρθαῖς
667 4119 726 4188 ἴσας
739 4119 796 4203 ἔχει
809 4117 857 4189 adr
870 4121 977 4203 γωνίας,
993 4120 1027 4182 τὰ
1042 4119 1070 4182 δὲ
1082 4120 1200 4184 πλείοσι.
