3106 4932
627 481 807 552 „55-

204 628 304 715 ceput
317 630 353 694 et
365 626 458 694 boris
473 627 619 694 membra
629 625 805 717 aliquando
821 625 993 713 conjuncta
1007 625 1154 696 fuissent.
1175 630 1230 700 Sic

202 736 308 806 omnis
325 735 453 824 generis
468 734 588 802 formas
611 735 818 808 fortuitarum
834 755 1004 803 causarum
1020 758 1179 806 concursu
1194 745 1228 809 et

202 845 397 912 necessitate
409 847 503 912 natas
515 845 613 912 fuisse
629 871 637 922 ;
652 846 777 912 sedeas
793 845 920 940 tanturn
934 855 1005 912 esse
1017 850 1165 914 seruatas
1178 845 1226 938 (1)

202 953 362 1040 inquibus
374 953 591 1020 instrumenta
602 953 644 1020 ad
655 953 829 1020 vivendum
841 955 1025 1034 necessaria
1034 957 1225 1024 convenien-

200 1065 255 1130 111
265 1062 379 1149 juncta
393 1065 427 1128 et
442 1066 520 1148 apta
531 1082 602 1128 osse
617 1061 787 1137 accidisset
799 1087 806 1128 :
818 1063 1087 1150 caeteraperiisse.

248 1172 343 1239 Vana
361 1171 426 1238 ista
444 1170 616 1257 inaniaque
639 1174 820 1238 commenta
841 1171 937 1259 longe
959 1173 1153 1240 Aristoteles
1169 1195 1227 1242 ex·
1251 1185 1254 1200 ‘

202 1279 312 1348 cludit.
331 1279 494 1346 Animalia
509 1279 651 1348 ostendit
670 1299 834 1366 nunquam
855 1277 939 1348 forte
955 1285 989 1348 et
1010 1282 1227 1376 exterioribus
1250 1269 1252 1274 ¹

202 1389 307 1485 causis
324 1387 417 1465 effici,
433 1388 490 1454 sed
505 1388 537 1454 ui
553 1387 662 1466 insita,
682 1408 754 1473 quae
767 1409 877 1456 omnes
890 1389 1035 1456 materiae
1052 1393 1148 1478 atque
1161 1391 1225 1458 ele·

201 1502 384 1566 mentorum
414 1501 521 1564 motus
549 1502 582 1565 11
607 1495 912 1585 transfigurationes
935 1497 976 1565 ad
1004 1517 1103 1566 unum
1128 1498 1225 1568 finem
1276 1517 1284 1576 ,·

203 1606 325 1694 dirigit,
351 1605 475 1674 scilicet
489 1606 530 1672 ad
551 1610 650 1673 certae
662 1605 775 1674 formae
802 1599 1031 1692 perfectionem
1052 1633 1058 1674 :
1089 1609 1161 1674 haec
1175 1609 1225 1676 vis

202 1718 319 1782 autem*
345 1717 402 1781 aut
437 1732 564 1800 semper
592 1717 657 1781 aut
689 1714 808 1802 saepius
836 1719 1002 1782 enatura
1029 1715 1125 1782 simili
1156 1717 1226 1804 jam
1302 1695 1311 1719 ⁹

201 1823 314 1890 adulta
337 1827 370 1889 et
392 1822 536 1910 perfecta
559 1823 733 1890 emanavit.
757 1823 831 1890 Nou
851 1823 952 1910 igitur
972 1823 1075 1890 omnis
1096 1825 1225 1912 generis

187 1931 319 2020 ligura
335 1935 516 2000 naseuntur
536 1954 543 1998 ε
562 1931 650 2000 nulla
664 1935 778 1998 contra
793 1953 934 2022 unquam
950 1933 1147 2018 apparatio
1163 1954 1227 2020 qua

202 2059 267 2136 non
285 2059 400 2108 ‘omnes
424 2041 534 2126 partes
558 2043 634 2127 apte
659 2043 850 2128 congruant,
878 2045 911 2106 et
935 2043 1051 2108 cuncta
1072 2039 1226 2110 animalia

203 2165 378 2238 paucorum
390 2149 622 2235 exemplarium
638 2149 795 2236 imagines
812 2153 898 2216 sunt.
918 2149 1154 2237 cujuscumque
1168 2169 1224 2239 ge-

202 2259 402 2326 nerationem
433 2257 614 2344 inspicias:
641 2262 835 2345 praesentem
851 2251 1119 2346 facileagnosces
1139 2259 1224 2327 hanc
1301 2295 1306 2304 ·

202 2367 313 2434 formae
335 2365 524 2454 potentiam,
549 2383 620 2452 quea
638 2368 784 2434 materiae
800 2368 948 2454 imperat.
973 2367 1033 2434 Ovi
1052 2368 1154 2434 moles
1173 2368 1223 2434 in·

198 2475 312 2542 1111111
337 2475 485 2542 omnibus
505 2475 701 2562 inpartibus
724 2475 811 2542 intus
837 2475 1007 2563 agitatur:
1039 2475 1147 2542 omnia
1177 2475 1225 2544 lu·

202 2586 286 2654 turae
307 2587 479 2652 structurae
503 2585 663 2650 elementa
677 2582 775 2652 certis
796 2585 830 2650 in
846 2583 924 2650 locis
945 2583 1042 2652 simul
1056 2581 1220 2664 inchoata,

203 2689 301 2760 certis
315 2693 440 2780 legibus
455 2692 617 2778 gradatim
635 2695 772 2768 mutata,
795 2695 965 2778 parratas
982 2691 1104 2778 figuras
1128 2682 1225 2759 simul

202 2801 382 2880 transeunt,
402 2801 502 2868 donec
519 2800 694 2887 perfectam
715 2795 1100 2888 speciei'descriptionem
1116 2799 1222 2868 absol·

200 2911 279 2990 rant
295 2906 354 2999 (2).
374 2907 465 2976 Nihil
478 2908 563 2975 sorti
580 2908 793 2994 relinquitur:
816 2910 924 2978 omnia
939 2912 1053 2976 contra
1068 2929 1104 2975 sa
1119 2913 1222 2998 agunt

199 3017 333 3107 perinde
348 3018 430 3084 acsi
444 3022 518 3086 arte
531 3017 682 3086 animalis
698 3035 813 3105 corpus
829 3021 1023 3084 strueretur.

244 3123 368 3204 nauem
389 3127 569 3204 11111111,
599 3127 647 3194 111
672 3126 885 3217 Aristoteles,
920 3129 1046 3193 naturae
1077 3127 1160 3194 ratio
1189 3130 1222 3194 et

201 3233 422 3302 artificiorum.
458 3234 492 3302 Si
519 3235 647 3302 domum
672 3237 801 3303 natura
813 3233 945 3312 faceret,
982 3235 1094 3302 eodem
1126 3234 1221 3306 modo

197 3341 417 3430 *laetificaretur
444 3346 540 3429 atque
567 3344 803 3422 architectura;
827 3343 855 3410 si
875 3347 1001 3410 naturae
1027 3359 1127 3430 opera
1147 3347 1219 3435 arte

200 3447 300 3542 etiam
325 3449 396 3518 fieri
423 3456 566 3540 possent,
588 3469 658 3518 ¹non
674 3451 770 3518 aliter
793 3437 997 3532 struerentur
1020 3471 1122 3545 quam¹
1135 3435 1222 3529 nunc

200 3543 319 3626 natura
344 3543 540 3648 generantur
556 3556 615 3650 (3).
641 3560 731 3626 Finis
756 3581 833 3647 ergo
848 3561 882 3626 in
898 3543 1027 3636 natura,
1046 3563 1082 3632 ut
1097 3560 1222 3640 inante

122 3799 126 3812 '
237 3796 529 3872 1111)111111.,11,,,8.1

235 3907 268 3974 111
298 3905 347 3966 dd
366 3903 463 3982 γίνεται
487 3907 587 3986 πρῶτον
611 3907 662 3963 τῶν
688 3901 784 3986 propium
812 3901 881 3978 τόδε,
907 3893 964 3964 εἶτα
986 3900 1056 3965 τόδε.
1082 3906 1122 3982 lle
1145 3911 1219 3978 pari.

201 4003 307 4059 anim..
326 4005 391 4072 lol-
984 3999 986 4006 ’

114 4177 124 4196 ·
233 4109 271 4172 131
292 4100 394 4168 011νεῖ
409 4106 478 4168 cisia
492 4113 544 4168 τῶν
559 4108 633 4192 picei
647 4107 790 4188 γινομένων
805 4101 853 4183 ἦν,
870 4107 952 4176 οὕτως
967 4107 997 4168 ἂν
1012 4107 1112 4190 {pt-raro
1126 4111 1162 4177 ὡς
1174 4115 1220 4168 νῦν
