3134 4938
628 521 846 593 *27-—4

209 670 390 739 videantur.
407 670 469 738 Sed
479 671 635 740 attentius
650 669 862 757 perpendenti
872 637 1031 755 altiusque
1047 669 1231 757 penetranti

209 801 285 847 mox
301 780 359 846 sub
375 781 436 846 hac
448 779 602 846 exterieri
619 779 780 848 varietate
800 779 914 846 intima
941 779 1116 847 similitudo
1132 800 1230 866 appa·

103 966 105 972 ¹
209 888 293 955 rabit
312 916 319 955 :
339 888 450 955 eadem
466 888 610 975 corporis
627 888 813 976 descriptio,
833 893 929 976 caput
945 909 985 955 ex
1004 889 1117 955 iisdem
1130 889 1230 975 parti-

130 1005 134 1012 '
209 998 268 1064 bus
285 997 458 1064 conflatum
480 1001 513 1066 et
534 995 648 1064 iisdem
680 1017 794 1064 sensus
815 997 1039 1065 instrumentis
1067 1001 1228 1077 ornatum,

210 1105 307 1191 capiti
334 1105 486 1171 continua
512 1095 737 1172 vertebraium
769 1105 881 1184 series,
915 1105 1061 1172 membra
1076 1109 1232 1192 quaterno

211 1215 323 1282 ordine
348 1213 462 1282 iisdem
482 1214 516 1280 in
536 1213 615 1280 loeis
639 1216 730 1292 nata,
757 1213 842 1280 idem
865 1214 961 1282 etiam
978 1215 1084 1282 cordis
1101 1215 1181 1283 situs
1201 1219 1234 1284 et

211 1343 299 1401 usus,
324 1323 436 1390 eadem
456 1322 524 1390 fere
545 1322 744 1407 reliquorum
764 1322 925 1389 viscerum
948 1321 1133 1409 dispositio,
1163 1325 1235 1392 haec

211 1436 278 1500 tam
294 1432 396 1498 multa
416 1453 486 1518 quae
513 1431 659 1498 omnibus
679 1431 742 1498 illis
764 1431 935 1518 generibus
957 1453 1028 1498 esse
1054 1433 1235 1500 communia

211 1543 299 1608 recte
314 1540 397 1608 vidit
411 1539 618 1616 Aristoteles,
638 1561 736 1607 unum
753 1539 794 1610 ad
811 1541 978 1627 exemplar
991 1541 1048 1607 illa
1062 1539 1235 1610 informata

212 1671 282 1716 esse
298 1648 465 1718 evidenter
485 1652 680 1716 monstrant.
706 1647 797 1724 Quod
813 1649 914 1716 multo
930 1649 1049 1716 clarius
1065 1651 1163 1718 etiam
1180 1670 1236 1738 pa·

210 1756 302 1836 tebit,
321 1758 349 1824 si
361 1779 433 1824 cum
448 1756 682 1825 recentioribus
699 1757 959 1826 observatoribus
973 1759 1119 1826 intimam
1134 1780 1234 1826 mem-

209 1867 342 1934 brorum
364 1864 626 1955 compositionem
644 1865 890 1952 introspexeris
910 1887 982 1952 quae
999 1889 1040 1934 ex
1058 1867 1170 1936 eodem
1183 1889 1235 1936 os-

211 1975 293 2042 sium
309 1973 458 2041 similiter
473 1973 560 2040 inter
575 1995 610 2040 se
625 1993 844 2040 connexorum
856 1995 991 2042 numero
1004 1975 1184 2062 saepiusque
1195 1998 1236 2044 ex

212 2083 307 2150 simili
327 2087 508 2151 ceterorum
525 2083 929 2171 elementorumcompage
948 2086 1097 2152 constare
1119 2105 1235 2173 agnos-

212 2213 277 2260 ces.
1264 2281 1268 2289 Ι

256 2300 301 2368 At
315 2299 368 2368 hic
389 2299 530 2387 partium
553 2321 706 2367 numerus
726 2299 892 2384 interdum
914 2300 1091 2371 minuitur:
1119 2302 1237 2391 digito·

211 2430 283 2477 rum
303 2408 468 2496 quinarius
485 2408 563 2477 ordo
585 2407 626 2475 ad
645 2413 783 2495 quatuor
799 2411 832 2476 in
848 2411 957 2477 avium
973 2411 1119 2497 pedibus,
1135 2409 1177 2479 ad
1187 2412 1237 2479 bi·

211 2539 270 2585 nos
286 2522 342 2586 aut
353 2523 464 2586 ternos
476 2522 573 2603 atque
594 2518 692 2584 etiam
708 2517 913 2604 imperfectos
926 2519 960 2584 in
977 2539 1089 2584 earum
1105 2519 1176 2598 alis,
1196 2520 1238 2586 ad

211 2645 311 2691 unum
321 2625 356 2692 in
371 2647 451 2713 equo
468 2625 662 2693 descendere
677 2625 808 2693 videtur
827 2651 834 2692 :
859 2647 966 2692 nonne
980 2626 1081 2712 igitur
1093 2627 1134 2692 ad
1147 2626 1237 2695 'aliud
1293 2682 1295 2688 ,

214 2733 377 2820 exemplar
388 2734 421 2802 in
436 2726 508 2802 istis
521 2733 687 2820 speciebus
704 2733 842 2800 istorum
857 2734 1081 2802 'membrorum
1097 2728 1238 2803 structu·

211 2859 251 2907 ra
273 2839 445 2910 informata
471 2843 543 2910 esti
571 2842 685 2908 Manet
700 2841 782 2908 etin
805 2841 877 2908 istis
901 2843 1079 2909 communis
1108 2843 1237 2930 generis

209 2950 326 3030 forma,
344 2955 400 3018 aut
420 2951 528 3037 potius
552 2949 610 3016 illa
624 2950 675 3016 uis
698 2949 817 3028 animo,
836 2971 901 3018 non
918 2951 1078 3030 sensibus,
1094 2957 1237 3038 eompre-
1309 3033 1317 3051 ,

208 3061 321 3139 hensa,
341 3080 412 3145 quae
431 3059 622 3147 figurarum,
647 3079 727 3143 quas
748 3058 921 3126 animantis
942 3081 1059 3147 corpus
1075 3061 1236 3149 gradatim

209 3168 326 3246 induit,
344 3188 463 3236 causas.
480 3172 513 3235 et
530 3167 673 3234 rationes
689 3167 844 3236 continet.
863 3170 916 3235 Ex
930 3169 1060 3237 homine
1076 3174 1110 3238 et
1121 3170 1236 3258 pleris-

211 3297 271 3362 que
294 3275 520 3343 Mammalibus
551 3276 726 3362 perfectius
756 3277 943 3364 collegimus
966 3278 1145 3346 vertebrati
1168 3280 1236 3346 ani-

210 3384 329 3452 mantis
349 3386 526 3472 exemplar,
545 3385 642 3471 qu'us’
652 3384 808 3458 nonnulla
824 3385 984 3453 elementa
997 3387 1030 3452 in
1043 3386 1234 3473 quibusdam

210 3491 439 3572 mammiferis,
453 3494 549 3580 plura
569 3493 603 3560 in
626 3493 740 3560 avibus
754 3493 1035 3593 ridentursdeesse
1054 3503 1062 3563 ι’
1078 3496 1135 3563 sed
1147 3495 1176 3562 si
1191 3495 1233 3562 ad

210 3607 335 3670 ceteras
359 3601 618 3670 vertebratorum
636 3603 757 3670 classes
777 3603 979 3689 respicimus,
999 3607 1069 3671 turn
1085 3604 1119 3670 in
1135 3605 1234 3691 repti-

208 3693 304 3788 libus,
323 3731 394 3797 quae
410 3711 512 3778 multo
526 3711 666 3800 longiori
686 3710 860 3782 ,intervallo
876 3710 916 3777 ab
939 3711 1068 3778 homine
1096 3711 1229 3793 distant,

209 3839 249 3886 ea
263 3819 336 3906 ipsa
349 3820 529 3907 reperimus
549 3819 710 3886 elementa
720 3839 800 3905 ¹quae
816 3819 994 3886 abolevisse
1009 3819 1203 3888 videbantur
1221 3847 1229 3888 :

208 3927 262 3995 hic
285 3948 399 3994 rursus
420 3927 533 4015 quinos
545 3913 674 4015 'digitos
696 3930 729 3995 et
745 3947 855 3994 omnes
871 3926 937 3994 oris
957 3930 1079 4014 partes,
1098 3948 1178 4014 quas
1198 3928 1232 3996 in

210 4035 318 4124 arium
329 4039 438 4104 rostro
450 4034 578 4104 difficile
593 4035 792 4116 distinxeris,
811 4036 1025 4125 agnoscimus.
1041 4039 1115 4106 Non
1130 4037 1229 4126 igitur

212 4143 258 4212 ab
268 4144 376 4214 avium
387 4145 575 4213 maturaret
589 4145 731 4214 essentia
745 4145 802 4214 illa
813 4144 973 4214 elementa
987 4165 1064 4215 rere
1080 4145 1227 4224 aberant,
1249 4177 1252 4186 =
