3106 4932
592 517 836 586 “75e-ff

169 668 278 731 turam
307 659 522 750 praesentibus
551 661 786 732 conditionibus
812 661 1084 730 accommodatam
1119 681 1209 730 esse·

164 772 268 859 jubet.
285 769 461 838 Inferiores
483 771 569 838 enim
585 750 739 838 fruticum
769 774 802 837 et
828 772 1039 839 animantium
1062 771 1187 851 fermae,

168 880 255 947 haud
280 901 371 948 secus
394 901 432 966 ac
456 881 651 966 superiores
669 883 783 946 nostra
803 880 838 946 in
860 883 957 946 aetate
975 881 1095 946 durare
1116 901 1190 966 pos·
1269 876 1274 884 ”

170 975 246 1058 sunt
267 995 300 1058 et
321 990 450 1058 durant.
471 991 550 1077 Legi
570 991 671 1078 igitur
692 991 813 1056 innatae
833 993 890 1057 aut
911 990 1018 1056 altiori
1041 990 1188 1076 imperio,

169 1120 235 1166 non
254 1099 400 1167 materiae
424 1099 576 1166 inanimae
604 1099 792 1176 temeritati,
814 1120 867 1166 res
891 1099 1037 1166 viventes
1059 1087 1209 1184 parent,⁸
1241 1115 1246 1123 ’

143 1239 144 1242 “
170 1230 267 1295 quum
290 1209 332 1276 ad
358 1197 442 1274 h'anc
466 1208 695 1294 perfectionem
723 1208 884 1294 gradatim
912 1208 1101 1274 ascendunt.
1130 1208 1191 1274 llic

170 1317 393 1404 splendissime
417 1318 522 1384 elucet
542 1317 613 1384 haec
634 1338 731 1384 causa
751 1337 845 1402 quam
869 1317 1062 1384 Aristoteles
1078 1316 1191 1403 optimi

169 1428 340 1505 rationem,
360 1429 411 1502 τὴν
427 1432 479 1493 τοῦ
496 1424 647 1512 βελτίονος
664 1429 776 1506 αἰτίαν,
789 1427 941 1513 appellat.

216 1537 310 1603 Illum
334 1539 443 1610 tamen
467 1541 594 1604 naturae
614 1535 655 1602 ad
677 1535 811 1602 meliora
835 1555 894 1622 per
912 1536 1067 1622 temporis
1092 1521 1193 1602 'conti-
1237 1563 1240 1574 ¹

169 1645 356 1713 ouationem
373 1625 559 1731 processum
575 1645 766 1732 ignorabat3
782 1645 838 1711 sed
851 1644 986 1710 similem
1008 1645 1189 1730 quamdam,

168 1759 206 1822 ut
223 1755 292 1842 jam
311 1747 461 1828 diotimus,
479 1754 700 1843 inpraesentia
717 1753 824 1819 aetatis
848 1752 1013 1840 speciebus
1041 1773 1192 1840 progres-
1289 1785 1291 1792 ⁴

169 1863 293 1928 sionem
308 1863 594 1938 animadverterat,
609 1863 766 1958 hujusque
782 1862 912 1928 modum
928 1866 961 1929 et
984 1859 1132 1928 normam
1158 1863 1194 1930 in

168 1973 327 2038 crescenti
340 1973 629 2039 instrumentorum
640 1971 786 2038 vitalium
794 1971 999 2038 multitudine
1009 1975 1042 2038 et
1052 1971 1193 2038 varieta-

169 2085 201 2148 te
217 2081 356 2167 positam
366 2085 554 2168 agnoverat.
566 2081 771 2156 Plantaeait,
781 2101 852 2165 quae
860 2078 1037 2146 immobiles
1045 2082 1189 2158 manent,

170 2212 274 2276 neque
286 2191 396 2257 multis
409 2191 486 2256 vitae
499 2183 685 2256 muneribus
698 2189 998 2277 funguntur,neque
1007 2190 1195 2277 magnaina-

169 2303 405 2366 trumentorum
417 2299 509 2391 copia
519 2301 633 2386 egent;
649 2319 804 2382 quaerero
818 2290 939 2385 praeter
950 2299 1052 2365 vitam
1065 2319 1194 2366 sensum

170 2409 270 2474 etiam·
281 2409 438 2486 obtinent,
455 2407 494 2473 iis
511 2409 634 2494 speeies
646 2407 714 2494 jam
731 2390 936 2474 multiformis
950 2411 983 2474 et
998 2406 1194 2493 expluribus

133 2537 136 2540 ·
170 2517 335 2586 elementis
352 2517 528 2602 composita
547 2543 555 2593 ;
573 2516 789 2600 paulatimque
811 2516 1113 2602 augeturpartium
1134 2537 1194 2583 nu·

171 2645 278 2690 merus
312 2629 345 2692 et
374 2624 537 2692 distinctio
565 2623 731 2713 majorque
764 2623 1021 2717 differentiarum
1049 2624 1193 2694 varietas

173 2733 312 2801 occurrit
336 2735 370 2800 in
386 2735 425 2800 iis
447 2732 664 2800 animantibus
680 2754 751 2818 quae
765 2753 829 2799 non
841 2736 969 2801 tantum
980 2733 1122 2813 vivendi,
1138 2735 1194 2802 sed

171 2841 269 2908 etiam
281 2841 361 2909 bene
376 2842 506 2910 vivendi
524 2844 600 2908 sunt
615 2841 788 2927 participes
804 2868 812 2919 ;
831 2842 966 2928 ideoque
984 2843 1127 2908 maxima
1142 2829 1193 2908 est

167 2951 202 3018 in
225 2951 355 3018 homine
378 2953 448 3018 haec
467 2951 758 3018 instrumentorum
781 2951 954 3020 diversitas
978 2951 1074 3018 simul
1097 2955 1193 3038 atque

168 3060 324 3146 perfectio
347 3057 407 3151 (1).
432 3060 605 3128 Simiarum
627 3060 743 3148 figura,
770 3081 841 3147 quae
867 3060 908 3127 ad
928 3061 1091 3128 hominem
1118 3081 1193 3149 pro·

169 3169 256 3234 xime
280 3169 414 3245 accedit,
437 3189 503 3236 non
529 3173 656 3262 tantum
681 3190 719 3236 eo
744 3169 853 3236 differt
875 3169 960 3256 quod
984 3169 1191 3237 caereorum

171 3279 293 3344 statum
314 3279 483 3364 pervenire
503 3296 568 3345 non
596 3279 712 3364 potuit,
736 3279 798 3345 sed*
815 3279 877 3346 hoc
905 3279 1003 3346 etiam
1030 3278 1192 3366 praeeipue

170 3385 257 3473 quod
287 3386 403 3472 pedum
430 3408 645 3473 manuumque
673 3387 817 3455 diversos
849 3387 890 3454 ad
920 3406 998 3454 usus
1029 3387 1191 3454 diversam

170 3498 368 3564 structuram
384 3515 448 3561 non
466 3496 595 3573 habeat,
627 3497 683 3562 sed
700 3497 836 3563 similem
854 3499 950 3582 atque
983 3496 1024 3563 ad
1041 3496 1192 3562 inceden-

170 3605 247 3672 dum
270 3624 360 3692 aeque
383 3608 417 3671 et
447 3605 488 3671 ad
515 3605 777 3691 prehendendum
801 3606 961 3683 idoneam,
988 3603 1123 3690 ideoque
1150 3603 1192 3670 ad
1281 3609 1282 3616 ’

168 3713 300 3802 singula
326 3733 460 3780 munera
486 3714 592 3781 minus
623 3717 732 3800 aptam
753 3711 821 3804 (2);
840 3714 874 3780 in
903 3713 1033 3781 homine
1064 3715 1188 3792 eontra,

143 3917 146 3936 1
166 3843 241 3910 quae
265 3820 482 3892 membrorum
498 3844 574 3910 pars
589 3823 625 3890 in
640 3823 758 3910 digitos
776 3823 854 3890 fissa
869 3823 910 3893 ad
927 3821 1119 3910 capiendum
1141 3825 1193 3897 est

208 4056 241 4121 u)
259 4027 386 4130 na‘part.
402 4054 492 4114 anim.
508 4057 612 4128 1v,ro.

207 4173 242 4236 tn
262 4170 332 4230 urst.
353 4171 551 4243 anim.,11,8.
