3134 4938
909 519 916 530 '
1116 528 1122 542 ν

840 519 998 588 unu-4*-
1118 539 1122 555 Ι

415 646 486 730 siue
499 664 688 743 exteriores,
700 661 767 733 sive
775 665 958 743 interiores,
969 667 1081 732 exacte
1094 662 1264 750 descripsit
1276 661 1322 754 (1)
1336 667 1368 732 et
1380 664 1434 732 dc.-

412 771 631 864 lineavit(2);
649 778 719 842 tum
735 775 886 863 cujusque
900 774 1018 862 speciei
1030 758 1163 842 uiuendi·
1172 795 1285 862 genus,
1300 774 1431 854 victum,

386 931 394 950 ,
413 881 539 960 sensus,
558 883 687 950 habitus
704 884 879 962 enarravit,
898 882 1109 969 quarumdam
1130 883 1314 962 societates,
1334 903 1433 970 opera

373 985 376 992 ’
410 994 445 1057 et
460 991 551 1078 quasi
566 992 789 1080 intelligentiae
804 992 962 1080 imagines
980 989 1044 1084 (3);
1063 991 1139 1058 tum
1160 992 1361 1078 singulorum
1378 1012 1433 1078 ge·

410 1119 525 1166 nerum
541 1105 631 1168 crtus
662 1105 695 1168 et
725 1101 935 1180 incrementa,
955 1101 1111 1186 quomodo
1140 1099 1263 1166 scilicet
1283 1122 1311 1166 a·
1327 1100 1433 1186 prima

411 1209 535 1295 origine
546 1209 691 1276 informis
708 1211 760 1278 ovi
775 1210 876 1278 moles
892 1211 1056 1297 propriam
1068 1209 1188 1296 speciei
1201 1209 1338 1296 figuram
1350 1229 1429 1296 pau-

410 1315 501 1384 latim
517 1319 678 1404 acciperet
693 1315 754 1410 (4),
773 1319 929 1404 quomodo
947 1318 1045 1386 etiam
1059 1318 1098 1384 in
1109 1317 1310 1403 quibusdam,
1335 1321 1381 1409 ut.
1394 1318 1429 1384 in

410 1423 552 1507 insectis,
572 1428 656 1495 idem
672 1429 792 1494 animal
809 1429 953 1496 diversas
970 1428 1119 1514 deinceps
1143 1427 1263 1494 formas
1277 1427 1427 1494 indueret

410 1537 763 1621 mutaetquevivendi
786 1558 887 1624 genus
909 1541 943 1604 et
970 1558 1096 1604 omnem
1120 1537 1264 1624 corporis
1286 1539 1425 1604 structu-

310 1719 313 1723 ,
409 1641 552 1734 ram‘(5).
569 1646 688 1711 Omnes
710 1646 818 1731 itaque
844 1651 946 1714 vastae
974 1646 1059 1713 illius
1076 1646 1220 1714 scientiae
1235 1649 1346 1732 partes
1362 1666 1428 1742 arn·

409 1750 565 1836 plitudine
580 1753 701 1840 ingenii
728 1754 913 1839 complexus
940 1758 1008 1832 est;
1039 1772 1150 1820 omnes
1176 1754 1249 1822 illas
1281 1754 1426 1821 diversas

409 1859 490 1938 uias,
509 1861 672 1946 inquibus
689 1863 824 1950 singulis
855 1862 972 1950 singuli
1002 1868 1230 1948 processerunt
1256 1862 1425 1929 clarissimi

409 1972 594 2037 nostrorum
617 1974 798 2057 temporum
814 1977 973 2049 auctores,
994 1974 1027 2037 et
1042 1992 1112 2055 quae
1127 1975 1237 2037 tamen
1253 1971 1375 2049 eodem,
1391 1971 1424 2038 id

408 2081 469 2156 est,
484 2079 525 2145 ad
540 2083 667 2146 naturae
682 2080 820 2148 viventis
829 2080 986 2167 principia
995 2080 1126 2159 ducunt,
1144 2080 1266 2166 primus
1283 2079 1425 2148 ostendit

408 2171 441 2254 et
457 2208 568 2255 omnes
583 2210 665 2256 unus
681 2190 847 2276 ingressus
864 2193 924 2256 est.

353 2368 355 2373 ,
452 2297 522 2363 Hac
537 2298 662 2385 ingenti
677 2299 885 2366 historiarum
898 2297 989 2383 copia
1015 2286 1204 2375 instructus,
1228 2298 1269 2364 ad
1285 2298 1362 2364 vitae
1377 2297 1422 2378 le·

407 2423 464 2490 ges
474 2410 507 2474 et
522 2428 635 2473 causas
652 2409 779 2474 demum
795 2407 968 2474 ascendere
984 2411 1130 2473 conatur.
1152 2406 1296 2474 Secundo
1312 2407 1421 2503 itaque

404 2512 437 2578 in
455 2535 562 2602 opere,
578 2515 661 2601 quod
678 2517 717 2582 de
729 2517 875 2602 partibus
891 2515 1077 2582 animalium
1093 2515 1290 2592 inscribitur,
1314 2516 1421 2602 cujus-

405 2641 465 2706 que
480 2624 588 2690 vitalis
604 2624 809 2703 instrumenti
839 2625 935 2691 finem
958 2628 991 2691 et
1008 2631 1090 2690 ‘usus
1118 2623 1244 2709 quanli,
1275 2627 1308 2689 et
1331 2625 1420 2711 cujus

404 2727 510 2813 gratia
537 2729 690 2812 quibusve
706 2729 963 2805 necessitatibus,
986 2748 1048 2814 qua
1063 2727 1278 2794 communium
1294 2727 1419 2814 magnis

403 2836 579 2920 generibus·
590 2831 821 2923 exemplarium
839 2837 883 2916 ui,
913 2838 966 2904 uel
982 2858 1061 2922 quas
1078 2837 1116 2902 ob
1134 2837 1290 2902 utilitates
1306 2835 1420 2920 cuique

403 2944 519 3027 speciei
531 2946 691 3030 proprias,
703 2951 819 3012 cuncta
833 2947 866 3010 in
879 2965 1016 3030 corpore
1026 2945 1073 3010 ita
1088 2949 1165 3011 nata
1181 2944 1416 3022 etlocatasint;

402 3051 542 3117 omnium
555 3053 654 3139 igitur
666 3053 851 3119 animalium
861 3053 1039 3118 anatomias
1049 3055 1226 3136 comparat,
1246 3073 1418 3137 eorumque

401 3158 618 3228 similitudinis
633 3161 686 3229 vel
695 3160 884 3228 differentiae
900 3161 1060 3229 rationem
1075 3160 1191 3227 reddit.
1211 3161 1320 3228 Tertio
1332 3163 1414 3242 loce,

435 3419 470 3490 til
488 3421 558 3479 illst.
579 3419 667 3478 enim.
688 3421 760 3480 l-lv.
1166 3453 1170 3456 -

406 3607 409 3614 ,
434 3507 558 3598 iil-lllsi.
576 3527 665 3585 enlm.
687 3529 733 3596 vl,
756 3529 800 3584 10:
826 3526 875 3588 Ἐκ
892 3532 945 3587 τῶν
960 3529 1097 3608 ἀνατομῶν
1112 3511 1266 3610 θεωρὲσθω.
1283 3555 1314 3569 -
1329 3526 1413 3602 lbld.,

398 3629 441 3684 11.
460 3625 513 3687 'Ex
525 3629 578 3686 τῶν
593 3629 734 3706 ἀνατομῶν
744 3625 985 3710 διαγεγραμμένων.
1003 3629 1090 3682 -lle
1107 3635 1183 3698 puri.
1202 3624 1294 3683 ellim.
1322 3629 1366 3698 lv,
1385 3629 1412 3685 ὅ.

396 3723 440 3786 Τὰ
454 3722 564 3808 μὲνγὰρ
577 3728 616 3807 τῷ
629 3722 762 3806 λόγῳῑτᾶ
776 3723 804 3786 δὲ
818 3725 881 3810 πρὸς
893 3723 942 3799 τὴν
956 3725 1014 3809 ὄψιν
1034 3727 1119 3786 αὐτῶν
1134 3724 1280 3807 σαφηνίζειν
1294 3727 1332 3785 δεῖ
1345 3728 1414 3806 μᾶλ-

395 3825 453 3883 λον.

433 3939 465 4006 (3l
484 3936 555 3996 llist.
570 3938 792 3998 animvllllll,

299 4049 302 4058 '
386 4049 466 4126 ‘tlt
486 4043 765 4103 Histanimv-Vll.
850 4110 853 4118 y
965 4093 968 4101 .

431 4155 463 4222 (a
483 4151 720 4224 ruo.,v,1o-so.
