3134 4938
669 505 902 573 ‚12-

204 627 206 636 ’
242 715 248 748 Ι
308 689 310 694 ,
344 647 414 716 Sed
426 646 460 715 in
481 647 614 735 magnis«
628 649 812 735 generibus,
835 652 871 716 ut
891 650 925 716 in
946 649 1099 736 piscibus,
1120 651 1248 731 auibus,
1271 651 1319 718 in·

301 756 397 825 sectis
415 756 556 824 minores
576 757 756 844 specierum
775 758 865 826 inter
879 779 915 825 se
934 760 1038 846 magis
1056 760 1236 828 vicinarum
1256 781 1317 828 eae·
1369 771 1374 774 '

300 870 353 934 tus
378 865 595 953 distinguendi
623 870 656 933 et
682 867 853 954 separandi
881 867 967 934 sunt.
998 869 1067 935 Illae
1098 871 1183 937 enirn
1209 874 1319 956 partes

301 975 387 1042 omni
412 975 523 1062 generi
545 995 746 1066 communest,
770 997 841 1066 quae
864 976 899 1042 in
924 977 1059 1044 diuersis
1084 979 1249 1065 speciebus
1269 980 1325 1046 inw

300 1079 443 1166 numeris
465 1084 579 1161 modis,
604 1085 836 1172 magnitudine,
861 1083 976 1172 figura,
1001 1086 1116 1153 robore
1137 1091 1170 1155 61
1189 1108 1319 1154 usuve-

299 1193 400 1271 riant,
428 1192 526 1260 certis
542 1192 666 1280 legibus
689 1193 723 1258 in
738 1193 799 1259 hac
817 1193 995 1260 mutatione
1017 1215 1133 1282 parere
1153 1196 1325 1276 uidentur,¹

301 1302 348 1369 ita
369 1305 406 1368 ut
427 1302 599 1400 peculiaris
621 1311 754 1388 quaeque
777 1302 911 1368 membri
934 1302 1069 1391 alicujus
1093 1304 1326 1373 determinatio·

302 1410 478 1478 definitam
489 1410 625 1477 aliarum
647 1412 788 1498 partium
810 1431 897 1499 saepe
916 1416 1033 1479 natura
1055 1416 1088 1479 et
1110 1434 1171 1480 usu
1191 1414 1319 1480 omnino

303 1519 518 1588 differentium
536 1519 672 1588 formam
690 1511 878 1588 constanter
900 1524 933 1588 et
955 1522 1046 1606 quasi
1067 1523 1250 1590 necessario
1272 1523 1319 1589 vi-

277 1630 418 1714 „deatur
448 1629 617 1698 adducere.
649 1629 841 1718 Hujusmodi
867 1630 938 1717 lege
972 1633 1004 1696 et
1037 1631 1259 1718 conjunctione
1285 1631 1320 1697 in

303 1737 544 1823 quadrupedum
574 1729 793 1824 uiuipararum
822 1757 958 1824 genere,
982 1739 1105 1824 quoties
1127 1739 1161 1805 in
1184 1732 1321 1824 quatuor

302 1846 392 1914 alvos
420 1847 603 1912 stomachus
634 1845 797 1925 dividitur,
833 1847 965 1913 maxilla
998 1847 1145 1933 superior
1172 1846 1320 1914 dentibus

303 1954 416 2021 mediis
439 1959 539 2034 caret,
560 1956 657 2042 pedes
681 1955 834 2042 bipartito
856 1960 931 2023 sunt
949 1954 1028 2034 fissi,
1053 1960 1149 2042 caput
1171 1954 1320 2022 cornibus

304 2063 424 2131 armari
446 2062 528 2130 solet
548 2061 614 2154 (]);
640 2085 680 2130 ex
700 2085 761 2148 quo
782 2063 918 2132 efficitur
933 2063 1091 2132 naturalis
1106 2064 1160 2129 ille
1177 2065 1318 2130 rumina·

302 2171 381 2239 liure
397 2178 510 2247 coetus,
536 2171 589 2257 qui
611 2172 650 2238 ab
671 2172 846 2240 Aristotele
867 2176 935 2239 eta
952 2172 1184 2258 recentioribus
1206 2172 1320 2239 iisdem

303 2280 419 2348 finibus
447 2281 707 2366 circumscriptus
735 2280 805 2346 init.
838 2282 984 2365 Itemque
1006 2282 1039 2347 in
1062 2281 1192 2348 insectis
1211 2281 1320 2368 plures

220 2413 221 2417 ¹
304 2391 446 2478 ejusdem
462 2391 589 2478 generis
605 2389 820 2456 connexiones
840 2389 1050 2476 philosophus
1066 2389 1247 2456 admirabili
1263 2390 1319 2456 ob·
1398 2477 1400 2487 ,

304 2498 495 2589 servationis
518 2499 695 2587 sagacitate
711 2499 889 2585 perspexit,
908 2519 987 2584 quas
1011 2499 1153 2566 breviter
1176 2498 1319 2565 referens

225 2671 227 2676 ,
304 2607 450 2676 Plinius:
479 2637 494 2663 ιι
514 2609 725 2684 Insectorum,
745 2608 802 2688 ait,
822 2608 969 2693 quaedam
990 2608 1083 2674 binas
1108 2611 1225 2696 gerunt
1241 2628 1319 2693 pen-

304 2738 382 2792 nas,
411 2717 556 2802 quaedam
586 2722 778 2802 quaternae,
803 2722 839 2785 ut
865 2739 953 2804 apes.
979 2719 1160 2793 Quaternos
1183 2715 1315 2793 habent,

306 2847 377 2912 quae
394 2825 512 2892 aculeis
528 2826 561 2891 in
577 2825 648 2892 alvo
665 2829 846 2893 armantur.
859 2827 1002 2903 Nullum,
1022 2827 1073 2893 cui
1084 2827 1184 2893 telum
1199 2825 1233 2890 in
1250 2829 1316 2902 bre,

304 2913 449 3020 pluribus
468 2955 562 3018 quam
583 2933 666 2999 binis
682 2933 812 3000 advolat
828 2935 952 3019 pennis.
972 2935 1103 3001 Nullum
1124 2933 1175 2999 cui
1192 2933 1321 2999 aculeus

210 3047 215 3102 ζ
305 3041 339 3108 16
351 3041 435 3120 alvo,
453 3040 589 3127 bipenne
606 3045 666 3108 est.
683 3041 878 3117 Quibusdam
893 3062 1071 3127 pennarum
1086 3041 1197 3108 tutelae
1213 3045 1323 3108 crusta

306 3149 508 3237 supervenit,
532 3150 569 3216 ut
596 3149 784 3228 scarabaeis,
810 3170 945 3234 quorum
965 3149 1093 3218 tenuior
1114 3148 1322 3237 fragiliorque

305 3280 428 3347 penna:
447 3259 498 3325 hie
514 3261 651 3345 negatur
662 3258 792 3326 aculeus
810 3256 869 3348 (2).
889 3291 904 3316 n

352 3370 421 3436 Hoc
441 3369 535 3435 modo
546 3368 699 3454 quodque
715 3367 811 3460 latius
831 3371 946 3459 patens
962 3387 1063 3455 genus
1080 3386 1200 3456 genera
1216 3365 1331 3434 minus

229 3517 234 3525 ·
305 3477 616 3574 lata'oomplectitur
638 3476 763 3564 legibus
784 3476 924 3563 propriis
947 3476 1134 3555 constituta,
1157 3476 1258 3542 donec
1280 3475 1321 3543 ad

307 3586 447 3675 speciem
472 3587 698 3674 perveniatur,
732 3597 802 3672 quae
835 3605 945 3653 omnes
976 3607 1130 3674 generum
1153 3583 1322 3670 aquibus
1378 3655 1386 3680 .
1491 3598 1496 3613 ·

344 3858 377 3922 (1)
398 3853 469 3912 Hist.
485 3853 586 3928 euim,
603 3856 691 3926 11,17.
1244 3921 1246 3928 Α
1307 3907 1313 3918 .

323 3978 326 3982 ’
345 3963 378 4029 tl)
397 3959 516 4031 Plinius,
532 3961 603 4019 Hist.
621 3968 681 4019 nat.
696 3962 796 4033 Xl,33.
813 3963 876 4029 Quo
890 3958 921 4016 iu
934 3957 1000 4016 loco
1018 3955 1184 4016 curiarius:
1198 3977 1209 4008 e
1223 3959 1291 4014 Haeo
1305 3965 1328 4012 θ’

308 4048 634 4198 ppsgirrpaanppligcntiam
653 4053 780 4122 arguunt
798 4048 960 4107 maximam
974 4046 1005 4108 iu
1020 4043 1196 4122 philosopho
1209 4045 1329 4104 insecta·
