3134 4938
578 491 757 560 ...pom

158 635 309 727 Ropisa,
328 637 450 705 Pisces.
463 635 561 726 Cujus
577 636 794 724 dispositionis
810 635 953 704 rationes
968 638 1002 704 et
1016 635 1175 704 elementa

157 769 199 816 ex
219 747 406 816 Aristotelis
428 745 519 824 libris
540 744 634 814 facile
653 745 805 832 colligere
826 743 920 824 licet,
942 745 1088 831 quemvis
1111 763 1175 812 uno

89 933 94 938 ,
157 861 192 924 et
209 855 341 942 proprio
367 853 496 922 nomine
522 854 770 940 unumquodque
793 873 905 921 eorum
937 873 1092 941 generum
1114 873 1179 921 non

158 984 286 1060 semper
301 963 523 1052 appellaverit.

205 1073 350 1140 Primum
373 1072 537 1139 hominem
561 1071 714 1140 describit
729 1068 790 1162 (l),
810 1069 850 1138 de
866 1091 928 1158 quo
944 1091 1089 1139 seorsum
1110 1071 1180 1138 ubi·
1205 1157 1207 1162 Ι
1277 1142 1278 1150 p

72 1259 74 1262 Α
161 1203 223 1268 que
238 1183 370 1258 tractat,
384 1201 450 1248 non
465 1181 505 1246 iis
517 1180 646 1266 quidem
661 1181 844 1248 assentiens
859 1181 913 1267 qui
926 1201 999 1247 eum
1011 1201 1052 1248 ex
1064 1181 1184 1246 anima·

161 1290 241 1356 lium
250 1294 341 1356 coetu
357 1283 489 1356 omnino
499 1294 672 1357 secernunt
691 1315 698 1355 ε
716 1309 855 1375 namque
871 1311 943 1356 eum
959 1289 1045 1356 inter
1060 1293 1181 1377 ἔναιμα,

150 1396 278 1466 sedin
305 1419 429 1464 summo
453 1397 548 1486 hujus
575 1397 671 1464 seriei
697 1397 817 1486 gradu,
845 1397 937 1484 quusi
958 1383 996 1466 in
1018 1397 1185 1484 superiore
1281 1405 1284 1412 “

163 1507 234 1574 loco
251 1507 397 1574 collocat.
640 1565 645 1572 .

192 1617 301 1706 ,Inter
322 1635 416 1702 quem
428 1618 462 1682 et
477 1613 701 1701 quadrupedes
724 1614 865 1682 medium
884 1614 1063 1702 interponit
1077 1614 1186 1681 simia·

164 1743 237 1792 rum
250 1743 352 1812 genus
364 1721 424 1813 (2),
440 1723 556 1811 quippe
573 1743 644 1808 queo
657 1743 768 1790 omncs
783 1722 851 1790 iere
863 1727 974 1810 partes
985 1723 1106 1790 homini
1116 1743 1189 1810 pro

165 1833 281 1912 ximus,
299 1851 395 1919 pares
407 1831 700 1928 dentiumiormus‚
715 1831 844 1898 eosdem
856 1831 1073 1899 membrorum
1084 1829 1189 1898 flexus

166 1953 343 2018 manusque
364 1930 545 2019 persimiles
571 1931 714 1998 habeant
732 1957 740 1997 :
758 1930 875 2018 pedum
895 1935 1060 2000 structura
1074 1931 1202 2018 praeciss

167 2063 229 2130 pue
245 2040 364 2118 differt,
384 2039 439 2126 qui
455 2040 546 2125 quasi
564 2061 679 2106 manus
702 2040 842 2128 majores
863 2061 937 2108 esse
952 2041 1104 2109 videntur
1126 2037 1187 2130 (3),
1218 2033 1221 2038 ⁴

168 2155 203 2218 et
217 2151 332 2236 quibus
352 2154 489 2218 utuntur
503 2149 550 2240 sd
562 2149 624 2216 duo
640 2148 745 2216 officia
760 2154 794 2217 et
805 2150 846 2217 ad
858 2148 1085 2217 ambulandum
1102 2154 1135 2216 et
1150 2149 1191 2216 ad

150 2253 383 2347 capiendum:
412 2259 454 2326 ad
479 2257 702 2345 quadrupedes
729 2262 837 2326 autem
859 2259 1059 2328 descendunt
1082 2262 1116 2325 et
1130 2259 1192 2325 hoc

172 2367 290 2456 duplici
301 2369 519 2436 membrorum
529 2389 591 2435 usu
605 2372 640 2434 et
654 2368 758 2454 partis
769 2368 945 2454 superioris
960 2367 1114 2455 pondere,
1130 2385 1192 2452 quo

172 2482 317 2566 gravatae
333 2477 438 2546 solent
453 2498 566 2564 pronae
583 2477 701 2563 saepius
717 2476 877 2543 incedere.

220 2583 467 2671 Quadrupedum
482 2589 592 2654 autem
604 2585 666 2652 duo
682 2585 821 2651 maxime
836 2588 962 2652 remoto
974 2605 1094 2672 genere
1109 2605 1193 2650 sem·

175 2713 235 2780 per
251 2697 399 2766 accurate
414 2693 561 2762 distinxit
581 2693 786 2772 Aristoteles,
806 2713 845 2759 ea
866 2693 988 2760 scilicet
1003 2713 1074 2778 quae
1090 2693 1165 2780 pers
1180 2729 1194 2743 ·

176 2806 264 2870 ctum
279 2801 398 2868 animal
422 2787 455 2868 et
469 2821 507 2868 ee
533 2822 604 2888 quae
628 2823 723 2868 ouum
744 2805 901 2889 generant
919 2828 926 2867 :
946 2801 1196 2888 quorumhisto-

174 2909 258 2976 riam
273 2929 436 2995 nunquam
451 2909 590 2978 miscuit.
603 2908 700 2976 Prius
715 2909 757 2976 ad
767 2910 983 2978 recentiorum
996 2909 1193 2988 Mummalis,
1302 2915 1304 2918 ’

176 3018 314 3086 alterum
330 3019 371 3086 ed
386 3019 529 3106 Raptilie
543 3019 696 3106 pertinet.
717 3019 901 3105 Ecquidem
917 3040 988 3105 quae
1005 3018 1125 3085 animal
1141 3039 1196 3107 ge·
1239 3021 1241 3026 '
1263 3090 1265 3094 ,

175 3131 295 3196 nerunt
314 3148 425 3196 omnes
449 3127 554 3194 adhuc
584 3127 650 3196 fere
677 3134 805 3215 pantes
833 3149 905 3214 queo
931 3111 967 3194 in
991 3128 1121 3195 homine
1147 3127 1197 3194 in·

178 3240 254 3302 sunt
270 3234 330 3328 (l),
349 3237 515 3324 possidere
534 3237 700 3325 agnoscit,
723 3238 779 3304 sed
794 3236 918 3324 ligura,
936 3237 1144 3325 proportione
1166 3241 1199 3304 et

176 3366 240 3414 usu
265 3346 370 3432 magis
397 3338 610 3412 differentes}
636 3367 771 3431 quorum
807 3365 920 3420 rursus
950 3345 1045 3432 plura
1079 3363 1200 3432 genere

176 3453 408 3542 distinguenda
420 3475 491 3522 osse
506 3453 598 3534 vidit,
621 3454 767 3560 quemvis
783 3475 821 3522 ea
836 3454 870 3520 in
891 3453 1037 3522 ordinem
1052 3453 1200 3540 redigere

215 3674 249 3772 t'o
269 3703 340 3763 nisu.
358 3701 576 3776 animm-m.

215 3812 250 3884 (at
270 3810 341 3870 llisl.
358 3809 449 3870 anim.
464 3813 501 3883 ll,
517 3813 577 3870 set
592 3813 620 3868 9.

218 3920 253 3990 13)
271 3917 343 3976 illst.
369 3916 460 3977 anim.
484 3919 523 3990 ll,
547 3921 575 3976 8.
609 3915 704 3986 'ldiour
717 3915 745 3978 δὲ
756 3915 816 3986 τοὺς
829 3915 929 3984 πόδας·
946 3914 997 3978 eici
1009 3913 1061 4001 ⁸gip
1075 3906 1133 3978 οἷον
1146 3921 1204 3999 χεῖ·
1285 3913 1288 3924 ’

179 4040 225 4102 ρες
239 4015 372 4098 μεγάλαι·
387 4014 433 4078 καὶ
447 4017 472 4078 oi
485 4015 620 4095 δάκτυλοι,
635 4013 724 4100 ὥσπερ
738 4018 762 4076 ci
776 4018 830 4077 τῶν
844 4013 952 4099 χείρων.

219 4133 253 4203 tlt
273 4129 343 4191 lliet.
359 4129 464 4204 enim..
483 4133 519 4202 ll,
534 4133 561 4191 l.
