<?xml version="1.0" encoding="UTF-8"?>
<!DOCTYPE html PUBLIC "-//W3C//DTD XHTML 1.0 Transitional//EN"
    "http://www.w3.org/TR/xhtml1/DTD/xhtml1-transitional.dtd">
<html xmlns="http://www.w3.org/1999/xhtml" xml:lang="en" lang="en">
 <head>
  <title>
</title>
<meta http-equiv="Content-Type" content="text/html;charset=utf-8" />
  <meta name='ocr-system' content='tesseract 3.04.00' />
  <meta name='ocr-capabilities' content='ocr_page ocr_carea ocr_par ocr_line ocrx_word'/>
</head>
<body>
  <div class='ocr_page' id='page_1' title='image "./aristotelisphil00philgoog_0080.png"; bbox 0 0 3106 4932; ppageno 0'>
   <div class='ocr_carea' id='block_1_1' title="bbox 161 641 1293 956">
    <p class='ocr_par' dir='ltr' id='par_1_1' title="bbox 161 641 1293 956">
     <span class='ocr_line' id='line_1_1' title="bbox 161 641 1293 724; baseline -0.004 -11"><span class='ocrx_word' id='word_1_1' title='bbox 161 665 277 713; x_wconf 88' lang='lat' dir='ltr'><strong>munus</strong></span> <span class='ocrx_word' id='word_1_2' title='bbox 301 645 533 723; x_wconf 78' lang='lat' dir='ltr'><strong>instrumento,</strong></span> <span class='ocrx_word' id='word_1_3' title='bbox 552 644 610 724; x_wconf 82' lang='lat' dir='ltr'><strong>sed</strong></span> <span class='ocrx_word' id='word_1_4' title='bbox 636 644 762 713; x_wconf 90' lang='lat' dir='ltr'><strong>muneri</strong></span> <span class='ocrx_word' id='word_1_5' title='bbox 786 643 1035 710; x_wconf 67' lang='lat' dir='ltr'><strong>instrumentum</strong></span> <span class='ocrx_word' id='word_1_6' title='bbox 1057 661 1180 710; x_wconf 88' lang='lat' dir='ltr'><strong>accom-</strong></span> <span class='ocrx_word' id='word_1_7' title='bbox 1287 641 1293 662; x_wconf 85' lang='lat'><strong><em>‘</em></strong></span> 
     </span>
     <span class='ocr_line' id='line_1_2' title="bbox 162 739 1226 846; baseline -0.005 -26"><span class='ocrx_word' id='word_1_8' title='bbox 162 755 293 820; x_wconf 85' lang='lat' dir='ltr'><strong>modat:</strong></span> <span class='ocrx_word' id='word_1_9' title='bbox 318 757 356 819; x_wconf 84' lang='grc' dir='ltr'><strong>τὰ</strong></span> <span class='ocrx_word' id='word_1_10' title='bbox 381 758 492 844; x_wconf 79' lang='grc' dir='ltr'><em>ὄργανα</em></span> <span class='ocrx_word' id='word_1_11' title='bbox 516 753 587 846; x_wconf 85' lang='grc' dir='ltr'>πρὸς</span> <span class='ocrx_word' id='word_1_12' title='bbox 609 739 656 818; x_wconf 72' lang='lat' dir='ltr'><strong>ud⁸</strong></span> <span class='ocrx_word' id='word_1_13' title='bbox 668 757 750 844; x_wconf 75' lang='grc' dir='ltr'><em>ἔργον</em></span> <span class='ocrx_word' id='word_1_14' title='bbox 768 753 786 828; x_wconf 78' lang='grc' dir='ltr'><em>ἡ</em></span> <span class='ocrx_word' id='word_1_15' title='bbox 803 749 889 842; x_wconf 76' lang='grc' dir='ltr'>φύσις</span> <span class='ocrx_word' id='word_1_16' title='bbox 905 760 996 832; x_wconf 82' lang='grc' dir='ltr'><strong>ποιεῖ,</strong></span> <span class='ocrx_word' id='word_1_17' title='bbox 1015 749 1082 817; x_wconf 78' lang='grc' dir='ltr'><strong>ἀλλ’</strong></span> <span class='ocrx_word' id='word_1_18' title='bbox 1098 751 1131 816; x_wconf 74' lang='grc' dir='ltr'><strong>οὐ</strong></span> <span class='ocrx_word' id='word_1_19' title='bbox 1149 752 1183 816; x_wconf 79' lang='grc' dir='ltr'><strong>τὸ</strong></span> <span class='ocrx_word' id='word_1_20' title='bbox 1225 823 1226 828; x_wconf 13' lang='lat'>1</span> 
     </span>
     <span class='ocr_line' id='line_1_3' title="bbox 162 859 586 956; baseline 0.002 -29"><span class='ocrx_word' id='word_1_21' title='bbox 162 866 245 956; x_wconf 73' lang='grc' dir='ltr'>ἔργον</span> <span class='ocrx_word' id='word_1_22' title='bbox 260 862 332 953; x_wconf 82' lang='grc' dir='ltr'>πρὸς</span> <span class='ocrx_word' id='word_1_23' title='bbox 344 865 383 928; x_wconf 85' lang='grc' dir='ltr'><strong>τὰ</strong></span> <span class='ocrx_word' id='word_1_24' title='bbox 393 867 510 955; x_wconf 66' lang='grc' dir='ltr'><em>,ὄργανα</em></span> <span class='ocrx_word' id='word_1_25' title='bbox 527 859 539 952; x_wconf 85' lang='grc'><strong>(</strong></span> <span class='ocrx_word' id='word_1_26' title='bbox 562 861 586 952; x_wconf 83' lang='grc'><strong>).</strong></span> 
     </span>
    </p>
   </div>
   <div class='ocr_carea' id='block_1_2' title="bbox 209 969 1322 1056">
    <p class='ocr_par' dir='ltr' id='par_1_2' title="bbox 209 969 1322 1056">
     <span class='ocr_line' id='line_1_4' title="bbox 209 969 1322 1056; baseline -0.002 -18"><span class='ocrx_word' id='word_1_27' title='bbox 209 971 273 1038; x_wconf 89' lang='lat' dir='ltr'><strong>Sed</strong></span> <span class='ocrx_word' id='word_1_28' title='bbox 292 971 319 1036; x_wconf 88' lang='lat' dir='ltr'><strong>si</strong></span> <span class='ocrx_word' id='word_1_29' title='bbox 342 991 427 1038; x_wconf 90' lang='lat' dir='ltr'><strong>nunc</strong></span> <span class='ocrx_word' id='word_1_30' title='bbox 448 988 573 1056; x_wconf 83' lang='lat' dir='ltr'><strong>quaeras</strong></span> <span class='ocrx_word' id='word_1_31' title='bbox 594 991 653 1038; x_wconf 92' lang='lat' dir='ltr'><strong>cur</strong></span> <span class='ocrx_word' id='word_1_32' title='bbox 672 969 738 1037; x_wconf 89' lang='lat' dir='ltr'><strong>illae</strong></span> <span class='ocrx_word' id='word_1_33' title='bbox 759 969 871 1048; x_wconf 86' lang='lat' dir='ltr'><strong>auibus</strong></span> <span class='ocrx_word' id='word_1_34' title='bbox 892 969 1034 1056; x_wconf 86' lang='lat' dir='ltr'><strong>propriae</strong></span> <span class='ocrx_word' id='word_1_35' title='bbox 1058 969 1120 1036; x_wconf 84' lang='lat' dir='ltr'><strong>alae</strong></span> <span class='ocrx_word' id='word_1_36' title='bbox 1144 991 1186 1036; x_wconf 87' lang='lat' dir='ltr'><strong>ex</strong></span> <span class='ocrx_word' id='word_1_37' title='bbox 1238 969 1242 977; x_wconf 82' lang='grc'><em>“</em></span> <span class='ocrx_word' id='word_1_38' title='bbox 1320 973 1322 982; x_wconf 82' lang='grc'><strong>“</strong></span> 
     </span>
    </p>
   </div>
   <div class='ocr_carea' id='block_1_3' title="bbox 159 1077 1190 1824">
    <p class='ocr_par' dir='ltr' id='par_1_3' title="bbox 159 1077 1190 1824">
     <span class='ocr_line' id='line_1_5' title="bbox 164 1077 1186 1166; baseline 0 -18"><span class='ocrx_word' id='word_1_39' title='bbox 164 1077 278 1148; x_wconf 84' lang='lat' dir='ltr'><strong>iisdem</strong></span> <span class='ocrx_word' id='word_1_40' title='bbox 304 1079 431 1146; x_wconf 84' lang='lat' dir='ltr'><strong>ossibus</strong></span> <span class='ocrx_word' id='word_1_41' title='bbox 451 1079 635 1166; x_wconf 86' lang='lat' dir='ltr'><strong>compositae</strong></span> <span class='ocrx_word' id='word_1_42' title='bbox 666 1079 732 1146; x_wconf 87' lang='lat' dir='ltr'><strong>sint</strong></span> <span class='ocrx_word' id='word_1_43' title='bbox 755 1099 826 1165; x_wconf 83' lang='lat' dir='ltr'><strong>quae</strong></span> <span class='ocrx_word' id='word_1_44' title='bbox 852 1078 888 1144; x_wconf 90' lang='lat' dir='ltr'><strong>in</strong></span> <span class='ocrx_word' id='word_1_45' title='bbox 913 1077 1186 1148; x_wconf 85' lang='lat' dir='ltr'><strong>mammiferarum</strong></span> 
     </span>
     <span class='ocr_line' id='line_1_6' title="bbox 167 1184 1186 1276; baseline -0.002 -22"><span class='ocrx_word' id='word_1_46' title='bbox 167 1187 391 1276; x_wconf 87' lang='lat' dir='ltr'><strong>reptiliumque</strong></span> <span class='ocrx_word' id='word_1_47' title='bbox 421 1185 574 1254; x_wconf 88' lang='lat' dir='ltr'><strong>memhris</strong></span> <span class='ocrx_word' id='word_1_48' title='bbox 601 1187 817 1275; x_wconf 85' lang='lat' dir='ltr'><strong>reperiuntur,</strong></span> <span class='ocrx_word' id='word_1_49' title='bbox 846 1187 942 1275; x_wconf 87' lang='lat' dir='ltr'><strong>hujus</strong></span> <span class='ocrx_word' id='word_1_50' title='bbox 970 1184 1186 1273; x_wconf 80' lang='lat' dir='ltr'><strong>similitudinis</strong></span> 
     </span>
     <span class='ocr_line' id='line_1_7' title="bbox 167 1295 1183 1382; baseline 0 -20"><span class='ocrx_word' id='word_1_51' title='bbox 167 1297 251 1364; x_wconf 86' lang='lat' dir='ltr'><strong>ratio</strong></span> <span class='ocrx_word' id='word_1_52' title='bbox 262 1296 296 1364; x_wconf 88' lang='lat' dir='ltr'><strong>in</strong></span> <span class='ocrx_word' id='word_1_53' title='bbox 308 1296 468 1364; x_wconf 89' lang='lat' dir='ltr'><strong>communi</strong></span> <span class='ocrx_word' id='word_1_54' title='bbox 480 1299 547 1364; x_wconf 90' lang='lat' dir='ltr'><strong>stat</strong></span> <span class='ocrx_word' id='word_1_55' title='bbox 558 1297 817 1366; x_wconf 86' lang='lat' dir='ltr'><strong>vertebratorum</strong></span> <span class='ocrx_word' id='word_1_56' title='bbox 826 1301 944 1364; x_wconf 87' lang='lat' dir='ltr'><strong>natura</strong></span> <span class='ocrx_word' id='word_1_57' title='bbox 953 1299 986 1362; x_wconf 91' lang='lat' dir='ltr'><strong>et</strong></span> <span class='ocrx_word' id='word_1_58' title='bbox 994 1295 1183 1382; x_wconf 81' lang='lat' dir='ltr'><strong>exemplari.</strong></span> 
     </span>
     <span class='ocr_line' id='line_1_8' title="bbox 169 1405 1185 1502; baseline 0 -30"><span class='ocrx_word' id='word_1_59' title='bbox 169 1407 248 1472; x_wconf 86' lang='lat' dir='ltr'><strong>Duae</strong></span> <span class='ocrx_word' id='word_1_60' title='bbox 265 1411 340 1476; x_wconf 87' lang='lat' dir='ltr'><strong>sunt</strong></span> <span class='ocrx_word' id='word_1_61' title='bbox 355 1405 455 1492; x_wconf 86' lang='lat' dir='ltr'><strong>igitur</strong></span> <span class='ocrx_word' id='word_1_62' title='bbox 466 1405 619 1502; x_wconf 87' lang='lat' dir='ltr'><strong>cujusque</strong></span> <span class='ocrx_word' id='word_1_63' title='bbox 631 1405 817 1472; x_wconf 89' lang='lat' dir='ltr'><strong>animalium</strong></span> <span class='ocrx_word' id='word_1_64' title='bbox 829 1405 1053 1492; x_wconf 74' lang='lat' dir='ltr'><strong>descriptionis</strong></span> <span class='ocrx_word' id='word_1_65' title='bbox 1066 1425 1185 1483; x_wconf 87' lang='lat' dir='ltr'><strong>causae,</strong></span> 
     </span>
     <span class='ocr_line' id='line_1_9' title="bbox 170 1513 1190 1603; baseline -0.003 -22"><span class='ocrx_word' id='word_1_66' title='bbox 170 1530 304 1600; x_wconf 88' lang='lat' dir='ltr'><strong>quarum</strong></span> <span class='ocrx_word' id='word_1_67' title='bbox 323 1514 427 1602; x_wconf 77' lang='lat' dir='ltr'><strong>altera</strong></span> <span class='ocrx_word' id='word_1_68' title='bbox 443 1515 570 1601; x_wconf 89' lang='lat' dir='ltr'><strong>quidem</strong></span> <span class='ocrx_word' id='word_1_69' title='bbox 586 1515 620 1584; x_wconf 91' lang='lat' dir='ltr'><strong>in</strong></span> <span class='ocrx_word' id='word_1_70' title='bbox 642 1515 771 1603; x_wconf 89' lang='lat' dir='ltr'><strong>generis</strong></span> <span class='ocrx_word' id='word_1_71' title='bbox 790 1515 916 1582; x_wconf 88' lang='lat' dir='ltr'><strong>altioris</strong></span> <span class='ocrx_word' id='word_1_72' title='bbox 938 1519 1067 1591; x_wconf 87' lang='lat' dir='ltr'><strong>natura,</strong></span> <span class='ocrx_word' id='word_1_73' title='bbox 1086 1513 1190 1581; x_wconf 89' lang='lat' dir='ltr'><strong>altera</strong></span> 
     </span>
     <span class='ocr_line' id='line_1_10' title="bbox 159 1621 1190 1710; baseline 0 -22"><span class='ocrx_word' id='word_1_74' title='bbox 159 1623 204 1691; x_wconf 41' lang='lat' dir='ltr'><strong>,in</strong></span> <span class='ocrx_word' id='word_1_75' title='bbox 219 1623 349 1710; x_wconf 82' lang='lat' dir='ltr'><strong>proprio</strong></span> <span class='ocrx_word' id='word_1_76' title='bbox 369 1623 434 1694; x_wconf 83' lang='lat' dir='ltr'><strong>fine</strong></span> <span class='ocrx_word' id='word_1_77' title='bbox 450 1628 483 1690; x_wconf 87' lang='lat' dir='ltr'><strong>et</strong></span> <span class='ocrx_word' id='word_1_78' title='bbox 497 1624 626 1696; x_wconf 78' lang='lat' dir='ltr'><strong>vivendi</strong></span> <span class='ocrx_word' id='word_1_79' title='bbox 642 1645 760 1710; x_wconf 81' lang='lat' dir='ltr'><strong>genere</strong></span> <span class='ocrx_word' id='word_1_80' title='bbox 776 1624 927 1710; x_wconf 89' lang='lat' dir='ltr'><strong>ponitur;</strong></span> <span class='ocrx_word' id='word_1_81' title='bbox 945 1623 1017 1690; x_wconf 87' lang='lat' dir='ltr'><strong>haec</strong></span> <span class='ocrx_word' id='word_1_82' title='bbox 1041 1621 1190 1694; x_wconf 84' lang='lat' dir='ltr'><strong>differen-</strong></span> 
     </span>
     <span class='ocr_line' id='line_1_11' title="bbox 170 1731 725 1824; baseline 0.005 -27"><span class='ocrx_word' id='word_1_83' title='bbox 170 1731 244 1824; x_wconf 73' lang='lat' dir='ltr'><strong>tias,</strong></span> <span class='ocrx_word' id='word_1_84' title='bbox 263 1731 320 1798; x_wconf 88' lang='lat' dir='ltr'><strong>illa</strong></span> <span class='ocrx_word' id='word_1_85' title='bbox 334 1731 558 1804; x_wconf 81' lang='lat' dir='ltr'><strong>similitudines</strong></span> <span class='ocrx_word' id='word_1_86' title='bbox 575 1732 725 1821; x_wconf 77' lang='lat' dir='ltr'><strong>explicat.</strong></span> 
     </span>
    </p>
   </div>
   <div class='ocr_carea' id='block_1_4' title="bbox 171 2001 1281 2430">
    <p class='ocr_par' dir='ltr' id='par_1_4' title="bbox 171 2001 1281 2430">
     <span class='ocr_line' id='line_1_12' title="bbox 217 2001 1193 2089; baseline -0.002 -19"><span class='ocrx_word' id='word_1_87' title='bbox 217 2001 276 2072; x_wconf 83' lang='lat' dir='ltr'><strong>IV.</strong></span> <span class='ocrx_word' id='word_1_88' title='bbox 301 2002 427 2089; x_wconf 87' lang='lat' dir='ltr'><strong>Duplex</strong></span> <span class='ocrx_word' id='word_1_89' title='bbox 449 2003 513 2068; x_wconf 85' lang='lat' dir='ltr'><strong>ista</strong></span> <span class='ocrx_word' id='word_1_90' title='bbox 535 2003 620 2070; x_wconf 87' lang='lat' dir='ltr'><strong>ratic</strong></span> <span class='ocrx_word' id='word_1_91' title='bbox 641 2002 766 2069; x_wconf 88' lang='lat' dir='ltr'><strong>facilius</strong></span> <span class='ocrx_word' id='word_1_92' title='bbox 788 2003 885 2068; x_wconf 92' lang='lat' dir='ltr'><strong>etiam</strong></span> <span class='ocrx_word' id='word_1_93' title='bbox 906 2007 1067 2081; x_wconf 82' lang='lat' dir='ltr'><strong>cernetur,</strong></span> <span class='ocrx_word' id='word_1_94' title='bbox 1090 2003 1118 2069; x_wconf 88' lang='lat' dir='ltr'><strong>si</strong></span> <span class='ocrx_word' id='word_1_95' title='bbox 1138 2023 1193 2068; x_wconf 86' lang='lat' dir='ltr'><strong>eas</strong></span> 
     </span>
     <span class='ocr_line' id='line_1_13' title="bbox 174 2101 1195 2197; baseline -0.003 -19"><span class='ocrx_word' id='word_1_96' title='bbox 174 2101 373 2178; x_wconf 80' lang='lat' dir='ltr'><strong>differentias</strong></span> <span class='ocrx_word' id='word_1_97' title='bbox 395 2111 652 2194; x_wconf 73' lang='lat' dir='ltr'><strong>consideraveris</strong></span> <span class='ocrx_word' id='word_1_98' title='bbox 680 2132 751 2196; x_wconf 89' lang='lat' dir='ltr'><strong>quae</strong></span> <span class='ocrx_word' id='word_1_99' title='bbox 773 2112 862 2178; x_wconf 86' lang='lat' dir='ltr'><strong>intra</strong></span> <span class='ocrx_word' id='word_1_100' title='bbox 884 2111 1040 2178; x_wconf 89' lang='lat' dir='ltr'><strong>terminos</strong></span> <span class='ocrx_word' id='word_1_101' title='bbox 1067 2112 1195 2197; x_wconf 88' lang='lat' dir='ltr'><strong>generis</strong></span> 
     </span>
     <span class='ocr_line' id='line_1_14' title="bbox 171 2203 1193 2308; baseline -0.001 -23"><span class='ocrx_word' id='word_1_102' title='bbox 171 2223 240 2308; x_wconf 89' lang='lat' dir='ltr'><strong>jam</strong></span> <span class='ocrx_word' id='word_1_103' title='bbox 255 2203 375 2307; x_wconf 79' lang='lat' dir='ltr'><strong>arctius</strong></span> <span class='ocrx_word' id='word_1_104' title='bbox 385 2220 618 2306; x_wconf 72' lang='lat' dir='ltr'><strong>circumscripti</strong></span> <span class='ocrx_word' id='word_1_105' title='bbox 630 2225 798 2306; x_wconf 76' lang='lat' dir='ltr'><strong>apparent,</strong></span> <span class='ocrx_word' id='word_1_106' title='bbox 814 2223 850 2286; x_wconf 88' lang='lat' dir='ltr'><strong>ut</strong></span> <span class='ocrx_word' id='word_1_107' title='bbox 862 2241 917 2286; x_wconf 87' lang='lat' dir='ltr'><strong>eas</strong></span> <span class='ocrx_word' id='word_1_108' title='bbox 930 2221 1043 2306; x_wconf 85' lang='lat' dir='ltr'><strong>quibus</strong></span> <span class='ocrx_word' id='word_1_109' title='bbox 1056 2219 1193 2286; x_wconf 83' lang='lat' dir='ltr'><strong>diuersae</strong></span> 
     </span>
     <span class='ocr_line' id='line_1_15' title="bbox 178 2327 1281 2430; baseline -0.002 -36"><span class='ocrx_word' id='word_1_110' title='bbox 178 2329 284 2394; x_wconf 88' lang='lat' dir='ltr'><strong>avium</strong></span> <span class='ocrx_word' id='word_1_111' title='bbox 300 2330 422 2416; x_wconf 88' lang='lat' dir='ltr'><strong>species</strong></span> <span class='ocrx_word' id='word_1_112' title='bbox 438 2329 524 2395; x_wconf 86' lang='lat' dir='ltr'><strong>inter</strong></span> <span class='ocrx_word' id='word_1_113' title='bbox 536 2350 570 2394; x_wconf 88' lang='lat' dir='ltr'><strong>se</strong></span> <span class='ocrx_word' id='word_1_114' title='bbox 587 2329 839 2415; x_wconf 83' lang='lat' dir='ltr'><strong>distinguuntur.</strong></span> <span class='ocrx_word' id='word_1_115' title='bbox 851 2328 1006 2430; x_wconf 71' lang='lat' dir='ltr'><strong>Omnibus</strong></span> <span class='ocrx_word' id='word_1_116' title='bbox 1019 2327 1146 2417; x_wconf 89' lang='lat' dir='ltr'><strong>quidem</strong></span> <span class='ocrx_word' id='word_1_117' title='bbox 1161 2327 1196 2392; x_wconf 89' lang='lat' dir='ltr'><strong>in</strong></span> <span class='ocrx_word' id='word_1_118' title='bbox 1280 2345 1281 2349; x_wconf 74' lang='grc'>’</span> 
     </span>
    </p>
   </div>
   <div class='ocr_carea' id='block_1_5' title="bbox 177 2435 1223 3934">
    <p class='ocr_par' dir='ltr' id='par_1_5' title="bbox 177 2435 1223 3934">
     <span class='ocr_line' id='line_1_16' title="bbox 178 2435 1199 2523; baseline -0.002 -21"><span class='ocrx_word' id='word_1_119' title='bbox 178 2437 290 2504; x_wconf 86' lang='lat' dir='ltr'><strong>avibus</strong></span> <span class='ocrx_word' id='word_1_120' title='bbox 310 2437 422 2502; x_wconf 90' lang='lat' dir='ltr'><strong>eadem</strong></span> <span class='ocrx_word' id='word_1_121' title='bbox 446 2437 662 2503; x_wconf 88' lang='lat' dir='ltr'><strong>instrumenta</strong></span> <span class='ocrx_word' id='word_1_122' title='bbox 685 2437 808 2522; x_wconf 87' lang='lat' dir='ltr'><strong>pariter</strong></span> <span class='ocrx_word' id='word_1_123' title='bbox 829 2437 935 2503; x_wconf 89' lang='lat' dir='ltr'><strong>locata</strong></span> <span class='ocrx_word' id='word_1_124' title='bbox 962 2441 995 2504; x_wconf 85' lang='lat' dir='ltr'><strong>et</strong></span> <span class='ocrx_word' id='word_1_125' title='bbox 1021 2435 1199 2523; x_wconf 88' lang='lat' dir='ltr'><strong>composita</strong></span> 
     </span>
     <span class='ocr_line' id='line_1_17' title="bbox 177 2543 1199 2632; baseline -0.002 -22"><span class='ocrx_word' id='word_1_126' title='bbox 177 2546 307 2612; x_wconf 88' lang='lat' dir='ltr'><strong>insunt:</strong></span> <span class='ocrx_word' id='word_1_127' title='bbox 322 2547 356 2611; x_wconf 91' lang='lat' dir='ltr'><strong>in</strong></span> <span class='ocrx_word' id='word_1_128' title='bbox 375 2545 522 2612; x_wconf 89' lang='lat' dir='ltr'><strong>omnibus</strong></span> <span class='ocrx_word' id='word_1_129' title='bbox 544 2549 698 2626; x_wconf 80' lang='lat' dir='ltr'><strong>rostrum,</strong></span> <span class='ocrx_word' id='word_1_130' title='bbox 718 2566 844 2632; x_wconf 80' lang='lat' dir='ltr'><strong>pennae,</strong></span> <span class='ocrx_word' id='word_1_131' title='bbox 867 2544 965 2630; x_wconf 90' lang='lat' dir='ltr'><strong>pedes</strong></span> <span class='ocrx_word' id='word_1_132' title='bbox 986 2544 1104 2632; x_wconf 85' lang='lat' dir='ltr'><strong>gemini</strong></span> <span class='ocrx_word' id='word_1_133' title='bbox 1127 2543 1199 2631; x_wconf 90' lang='lat' dir='ltr'><strong>pari</strong></span> 
     </span>
     <span class='ocr_line' id='line_1_18' title="bbox 180 2637 1198 2740; baseline 0.001 -23"><span class='ocrx_word' id='word_1_134' title='bbox 180 2637 304 2729; x_wconf 76' lang='lat' dir='ltr'><strong>habitu,</strong></span> <span class='ocrx_word' id='word_1_135' title='bbox 322 2659 378 2720; x_wconf 86' lang='lat' dir='ltr'><strong>cor</strong></span> <span class='ocrx_word' id='word_1_136' title='bbox 393 2655 561 2740; x_wconf 90' lang='lat' dir='ltr'><strong>aequaliter</strong></span> <span class='ocrx_word' id='word_1_137' title='bbox 576 2654 726 2729; x_wconf 84' lang='lat' dir='ltr'><strong>diuisum,</strong></span> <span class='ocrx_word' id='word_1_138' title='bbox 746 2653 858 2720; x_wconf 88' lang='lat' dir='ltr'><strong>similis</strong></span> <span class='ocrx_word' id='word_1_139' title='bbox 873 2674 1030 2720; x_wconf 84' lang='lat' dir='ltr'><strong>uenarum</strong></span> <span class='ocrx_word' id='word_1_140' title='bbox 1046 2652 1198 2720; x_wconf 84' lang='lat' dir='ltr'><strong>distribu-</strong></span> 
     </span>
     <span class='ocr_line' id='line_1_19' title="bbox 181 2760 1200 2848; baseline -0.001 -21"><span class='ocrx_word' id='word_1_141' title='bbox 181 2760 240 2838; x_wconf 89' lang='lat' dir='ltr'><strong>tio,</strong></span> <span class='ocrx_word' id='word_1_142' title='bbox 260 2767 434 2848; x_wconf 89' lang='lat' dir='ltr'><strong>cunctaque</strong></span> <span class='ocrx_word' id='word_1_143' title='bbox 449 2763 537 2830; x_wconf 86' lang='lat' dir='ltr'><strong>intus</strong></span> <span class='ocrx_word' id='word_1_144' title='bbox 549 2763 675 2829; x_wconf 86' lang='lat' dir='ltr'><strong>viscera</strong></span> <span class='ocrx_word' id='word_1_145' title='bbox 690 2761 751 2827; x_wconf 90' lang='lat' dir='ltr'><strong>sibi</strong></span> <span class='ocrx_word' id='word_1_146' title='bbox 763 2762 900 2829; x_wconf 85' lang='lat' dir='ltr'><strong>inuicem</strong></span> <span class='ocrx_word' id='word_1_147' title='bbox 912 2761 1119 2848; x_wconf 88' lang='lat' dir='ltr'><strong>respondent,</strong></span> <span class='ocrx_word' id='word_1_148' title='bbox 1135 2781 1200 2828; x_wconf 91' lang='lat' dir='ltr'><strong>non</strong></span> 
     </span>
     <span class='ocr_line' id='line_1_20' title="bbox 183 2859 1198 2956; baseline 0 -22"><span class='ocrx_word' id='word_1_149' title='bbox 183 2889 221 2934; x_wconf 88' lang='lat' dir='ltr'><strong>ea</strong></span> <span class='ocrx_word' id='word_1_150' title='bbox 237 2869 443 2937; x_wconf 90' lang='lat' dir='ltr'><strong>similitudine</strong></span> <span class='ocrx_word' id='word_1_151' title='bbox 466 2892 537 2956; x_wconf 89' lang='lat' dir='ltr'><strong>quae</strong></span> <span class='ocrx_word' id='word_1_152' title='bbox 553 2875 660 2938; x_wconf 91' lang='lat' dir='ltr'><strong>mente</strong></span> <span class='ocrx_word' id='word_1_153' title='bbox 678 2875 804 2938; x_wconf 89' lang='lat' dir='ltr'><strong>tantum</strong></span> <span class='ocrx_word' id='word_1_154' title='bbox 825 2875 859 2938; x_wconf 88' lang='lat' dir='ltr'><strong>et</strong></span> <span class='ocrx_word' id='word_1_155' title='bbox 873 2871 1000 2937; x_wconf 86' lang='lat' dir='ltr'><strong>ratione</strong></span> <span class='ocrx_word' id='word_1_156' title='bbox 1016 2859 1198 2956; x_wconf 84' lang='lat' dir='ltr'><strong>detegatur,</strong></span> 
     </span>
     <span class='ocr_line' id='line_1_21' title="bbox 182 2978 1202 3066; baseline -0.002 -20"><span class='ocrx_word' id='word_1_157' title='bbox 182 2978 239 3046; x_wconf 86' lang='lat' dir='ltr'><strong>sed</strong></span> <span class='ocrx_word' id='word_1_158' title='bbox 254 2999 325 3063; x_wconf 89' lang='lat' dir='ltr'><strong>quae</strong></span> <span class='ocrx_word' id='word_1_159' title='bbox 341 2979 450 3046; x_wconf 87' lang='lat' dir='ltr'><strong>oculos</strong></span> <span class='ocrx_word' id='word_1_160' title='bbox 466 2979 572 3046; x_wconf 85' lang='lat' dir='ltr'><strong>feriat.</strong></span> <span class='ocrx_word' id='word_1_161' title='bbox 597 2979 643 3045; x_wconf 88' lang='lat' dir='ltr'><strong>At</strong></span> <span class='ocrx_word' id='word_1_162' title='bbox 656 2979 752 3066; x_wconf 89' lang='lat' dir='ltr'><strong>longe</strong></span> <span class='ocrx_word' id='word_1_163' title='bbox 768 2979 833 3045; x_wconf 88' lang='lat' dir='ltr'><strong>alia</strong></span> <span class='ocrx_word' id='word_1_164' title='bbox 852 2982 903 3045; x_wconf 90' lang='lat' dir='ltr'><strong>est</strong></span> <span class='ocrx_word' id='word_1_165' title='bbox 918 2978 952 3046; x_wconf 90' lang='lat' dir='ltr'><strong>in</strong></span> <span class='ocrx_word' id='word_1_166' title='bbox 972 2979 1108 3046; x_wconf 89' lang='lat' dir='ltr'><strong>diversis</strong></span> <span class='ocrx_word' id='word_1_167' title='bbox 1129 2999 1202 3066; x_wconf 89' lang='lat' dir='ltr'><strong>spe-</strong></span> 
     </span>
     <span class='ocr_line' id='line_1_22' title="bbox 182 3087 1200 3178; baseline 0.002 -26"><span class='ocrx_word' id='word_1_168' title='bbox 182 3087 289 3152; x_wconf 90' lang='lat' dir='ltr'><strong>ciebus</strong></span> <span class='ocrx_word' id='word_1_169' title='bbox 305 3087 421 3153; x_wconf 91' lang='lat' dir='ltr'><strong>horum</strong></span> <span class='ocrx_word' id='word_1_170' title='bbox 437 3088 725 3178; x_wconf 87' lang='lat' dir='ltr'><strong>instrumentorum</strong></span> <span class='ocrx_word' id='word_1_171' title='bbox 747 3088 934 3176; x_wconf 87' lang='lat' dir='ltr'><strong>magnitudo</strong></span> <span class='ocrx_word' id='word_1_172' title='bbox 957 3091 991 3154; x_wconf 88' lang='lat' dir='ltr'><strong>et</strong></span> <span class='ocrx_word' id='word_1_173' title='bbox 1011 3088 1200 3175; x_wconf 89' lang='lat' dir='ltr'><strong>proportio:</strong></span> 
     </span>
     <span class='ocr_line' id='line_1_23' title="bbox 184 3179 1203 3284; baseline 0.002 -24"><span class='ocrx_word' id='word_1_174' title='bbox 184 3194 300 3260; x_wconf 92' lang='lat' dir='ltr'><strong>collum</strong></span> <span class='ocrx_word' id='word_1_175' title='bbox 324 3195 357 3260; x_wconf 94' lang='lat' dir='ltr'><strong>in</strong></span> <span class='ocrx_word' id='word_1_176' title='bbox 379 3195 430 3260; x_wconf 86' lang='lat' dir='ltr'><strong>his</strong></span> <span class='ocrx_word' id='word_1_177' title='bbox 449 3195 560 3273; x_wconf 86' lang='lat' dir='ltr'><strong>breve,</strong></span> <span class='ocrx_word' id='word_1_178' title='bbox 585 3195 619 3284; x_wconf 85' lang='lat' dir='ltr'><strong>in</strong></span> <span class='ocrx_word' id='word_1_179' title='bbox 640 3179 938 3284; x_wconf 78' lang='lat' dir='ltr'><strong>illispraelong‘um,</strong></span> <span class='ocrx_word' id='word_1_180' title='bbox 961 3203 1104 3265; x_wconf 86' lang='lat' dir='ltr'><strong>rostrum</strong></span> <span class='ocrx_word' id='word_1_181' title='bbox 1130 3196 1203 3262; x_wconf 84' lang='lat' dir='ltr'><strong>aliae</strong></span> 
     </span>
     <span class='ocr_line' id='line_1_24' title="bbox 185 3303 1205 3400; baseline 0.002 -32"><span class='ocrx_word' id='word_1_182' title='bbox 185 3322 329 3400; x_wconf 81' lang='lat' dir='ltr'><strong>crassum</strong></span> <span class='ocrx_word' id='word_1_183' title='bbox 345 3308 378 3370; x_wconf 91' lang='lat' dir='ltr'><strong>et</strong></span> <span class='ocrx_word' id='word_1_184' title='bbox 393 3303 563 3381; x_wconf 88' lang='lat' dir='ltr'><strong>aduncum,</strong></span> <span class='ocrx_word' id='word_1_185' title='bbox 580 3303 652 3370; x_wconf 87' lang='lat' dir='ltr'><strong>aliae</strong></span> <span class='ocrx_word' id='word_1_186' title='bbox 664 3311 789 3372; x_wconf 88' lang='lat' dir='ltr'><strong>rectum</strong></span> <span class='ocrx_word' id='word_1_187' title='bbox 801 3309 834 3372; x_wconf 90' lang='lat' dir='ltr'><strong>et</strong></span> <span class='ocrx_word' id='word_1_188' title='bbox 849 3309 957 3384; x_wconf 87' lang='lat' dir='ltr'><strong>tenue,</strong></span> <span class='ocrx_word' id='word_1_189' title='bbox 973 3306 1046 3372; x_wconf 87' lang='lat' dir='ltr'><strong>aliae</strong></span> <span class='ocrx_word' id='word_1_190' title='bbox 1057 3305 1159 3373; x_wconf 89' lang='lat' dir='ltr'><strong>latum</strong></span> <span class='ocrx_word' id='word_1_191' title='bbox 1172 3307 1205 3371; x_wconf 90' lang='lat' dir='ltr'><strong>et</strong></span> 
     </span>
     <span class='ocr_line' id='line_1_25' title="bbox 186 3411 1223 3506; baseline 0.003 -30"><span class='ocrx_word' id='word_1_192' title='bbox 186 3411 424 3506; x_wconf 89' lang='lat' dir='ltr'><strong>complanatum</strong></span> <span class='ocrx_word' id='word_1_193' title='bbox 438 3412 579 3490; x_wconf 90' lang='lat' dir='ltr'><strong>habent;</strong></span> <span class='ocrx_word' id='word_1_194' title='bbox 608 3413 725 3500; x_wconf 83' lang='lat' dir='ltr'><strong>digitos</strong></span> <span class='ocrx_word' id='word_1_195' title='bbox 750 3412 823 3480; x_wconf 89' lang='lat' dir='ltr'><strong>aliae</strong></span> <span class='ocrx_word' id='word_1_196' title='bbox 847 3413 966 3481; x_wconf 89' lang='lat' dir='ltr'><strong>liberos</strong></span> <span class='ocrx_word' id='word_1_197' title='bbox 990 3414 1223 3504; x_wconf 68' lang='lat' dir='ltr'><strong>inermesque,¹</strong></span> 
     </span>
     <span class='ocr_line' id='line_1_26' title="bbox 186 3518 1204 3612; baseline 0.003 -28"><span class='ocrx_word' id='word_1_198' title='bbox 186 3518 259 3585; x_wconf 87' lang='lat' dir='ltr'><strong>aliae</strong></span> <span class='ocrx_word' id='word_1_199' title='bbox 293 3519 463 3598; x_wconf 77' lang='lat' dir='ltr'><strong>comatos,</strong></span> <span class='ocrx_word' id='word_1_200' title='bbox 493 3521 565 3586; x_wconf 88' lang='lat' dir='ltr'><strong>aliae</strong></span> <span class='ocrx_word' id='word_1_201' title='bbox 596 3522 777 3606; x_wconf 86' lang='lat' dir='ltr'><strong>palmarum</strong></span> <span class='ocrx_word' id='word_1_202' title='bbox 808 3522 841 3588; x_wconf 87' lang='lat' dir='ltr'><strong>in</strong></span> <span class='ocrx_word' id='word_1_203' title='bbox 868 3523 998 3612; x_wconf 87' lang='lat' dir='ltr'><strong>modum</strong></span> <span class='ocrx_word' id='word_1_204' title='bbox 1022 3542 1204 3599; x_wconf 85' lang='lat' dir='ltr'><strong>connexos;</strong></span> 
     </span>
     <span class='ocr_line' id='line_1_27' title="bbox 186 3626 1207 3717; baseline 0.002 -23"><span class='ocrx_word' id='word_1_205' title='bbox 186 3627 290 3705; x_wconf 90' lang='lat' dir='ltr'><strong>molis,</strong></span> <span class='ocrx_word' id='word_1_206' title='bbox 309 3626 444 3706; x_wconf 87' lang='lat' dir='ltr'><strong>alarum,</strong></span> <span class='ocrx_word' id='word_1_207' title='bbox 469 3627 586 3714; x_wconf 88' lang='lat' dir='ltr'><strong>pedum</strong></span> <span class='ocrx_word' id='word_1_208' title='bbox 608 3629 693 3694; x_wconf 87' lang='lat' dir='ltr'><strong>inter</strong></span> <span class='ocrx_word' id='word_1_209' title='bbox 717 3649 751 3694; x_wconf 89' lang='lat' dir='ltr'><strong>se</strong></span> <span class='ocrx_word' id='word_1_210' title='bbox 772 3634 964 3717; x_wconf 86' lang='lat' dir='ltr'><strong>comparatae</strong></span> <span class='ocrx_word' id='word_1_211' title='bbox 986 3629 1207 3697; x_wconf 87' lang='lat' dir='ltr'><strong>demensiones</strong></span> 
     </span>
     <span class='ocr_line' id='line_1_28' title="bbox 186 3735 1210 3832; baseline 0.002 -30"><span class='ocrx_word' id='word_1_212' title='bbox 186 3736 326 3802; x_wconf 86' lang='lat' dir='ltr'><strong>maxime</strong></span> <span class='ocrx_word' id='word_1_213' title='bbox 341 3735 480 3803; x_wconf 75' lang='lat' dir='ltr'><strong>uariant.</strong></span> <span class='ocrx_word' id='word_1_214' title='bbox 500 3736 569 3803; x_wconf 88' lang='lat' dir='ltr'><strong>Illae</strong></span> <span class='ocrx_word' id='word_1_215' title='bbox 585 3757 662 3803; x_wconf 87' lang='lat' dir='ltr'><strong>vero</strong></span> <span class='ocrx_word' id='word_1_216' title='bbox 675 3737 816 3803; x_wconf 88' lang='lat' dir='ltr'><strong>omnium</strong></span> <span class='ocrx_word' id='word_1_217' title='bbox 834 3739 1050 3804; x_wconf 88' lang='lat' dir='ltr'><strong>membrorum</strong></span> <span class='ocrx_word' id='word_1_218' title='bbox 1062 3736 1210 3832; x_wconf 82' lang='lat' dir='ltr'><strong>differen-</strong></span> 
     </span>
     <span class='ocr_line' id='line_1_29' title="bbox 186 3843 1211 3934; baseline 0.002 -25"><span class='ocrx_word' id='word_1_219' title='bbox 186 3843 242 3911; x_wconf 80' lang='lat' dir='ltr'><strong>tle</strong></span> <span class='ocrx_word' id='word_1_220' title='bbox 267 3844 365 3912; x_wconf 85' lang='lat' dir='ltr'><strong>certis</strong></span> <span class='ocrx_word' id='word_1_221' title='bbox 388 3844 525 3912; x_wconf 88' lang='lat' dir='ltr'><strong>vinculis</strong></span> <span class='ocrx_word' id='word_1_222' title='bbox 540 3845 627 3911; x_wconf 87' lang='lat' dir='ltr'><strong>inter</strong></span> <span class='ocrx_word' id='word_1_223' title='bbox 653 3865 688 3911; x_wconf 85' lang='lat' dir='ltr'><strong>se</strong></span> <span class='ocrx_word' id='word_1_224' title='bbox 718 3845 967 3934; x_wconf 86' lang='lat' dir='ltr'><strong>conjunguntur,</strong></span> <span class='ocrx_word' id='word_1_225' title='bbox 990 3851 1027 3914; x_wconf 92' lang='lat' dir='ltr'><strong>ut</strong></span> <span class='ocrx_word' id='word_1_226' title='bbox 1053 3847 1211 3932; x_wconf 85' lang='lat' dir='ltr'><strong>praeclare</strong></span> 
     </span>
    </p>
   </div>
   <div class='ocr_carea' id='block_1_6' title="bbox 230 4118 641 4194">
    <p class='ocr_par' dir='ltr' id='par_1_6' title="bbox 230 4118 641 4194">
     <span class='ocr_line' id='line_1_30' title="bbox 230 4118 641 4194; baseline 0.002 -17"><span class='ocrx_word' id='word_1_227' title='bbox 230 4121 261 4192; x_wconf 74' lang='lat' dir='ltr'><strong>tlt</strong></span> <span class='ocrx_word' id='word_1_228' title='bbox 281 4123 320 4180; x_wconf 77' lang='lat' dir='ltr'><strong>lle</strong></span> <span class='ocrx_word' id='word_1_229' title='bbox 336 4126 410 4194; x_wconf 85' lang='lat' dir='ltr'><strong>part.</strong></span> <span class='ocrx_word' id='word_1_230' title='bbox 427 4118 515 4180; x_wconf 86' lang='lat' dir='ltr'><strong>anim.</strong></span> <span class='ocrx_word' id='word_1_231' title='bbox 536 4121 580 4192; x_wconf 71' lang='lat' dir='ltr'><strong>lt,</strong></span> <span class='ocrx_word' id='word_1_232' title='bbox 597 4123 641 4178; x_wconf 73' lang='lat' dir='ltr'><strong>la.</strong></span> 
     </span>
    </p>
   </div>
   <div class='ocr_carea' id='block_1_7' title="bbox 0 0 1594 4932">
    <p class='ocr_par' dir='ltr' id='par_1_7' title="bbox 0 0 1594 4932">
     <span class='ocr_line' id='line_1_31' title="bbox 0 0 1594 4932; baseline 0 0"><span class='ocrx_word' id='word_1_233' title='bbox 0 0 1594 4932; x_wconf 95' lang='lat' dir='ltr'><strong> </strong></span> 
     </span>
    </p>
   </div>
  </div>
 </body>
</html>
