3134 4938
176 693 286 760 eodem
306 694 400 761 modo
422 714 484 781 quo
500 699 619 762 caetera
642 694 777 782 physica
795 690 1000 760 tractandam
1021 711 1092 758 esse
1108 691 1195 760 arbi-

174 803 252 871 trati
268 805 355 869 sunt.
374 803 419 869 At
434 803 612 882 (luvierius,
627 823 705 868 vero
721 806 755 869 et
771 822 861 886 aequo
874 801 1017 888 propior,
1036 795 1195 888 principia

174 911 360 994 Aristotelis
376 911 419 978 de
431 912 617 978 animalium
632 911 779 977 doctrina
791 909 894 995 magis
907 931 944 975 ac
956 909 1060 996 magis
1075 909 1109 975 in
1126 909 1193 976 dies

174 1020 367 1088 reviviscere
391 1020 529 1088 libenter
552 1021 702 1108 agnovit,
727 1038 789 1104 quo
810 1018 907 1085 altius
929 1019 963 1084 in
986 1024 1112 1088 secreta
1135 1039 1193 1085 na-

174 1131 258 1195 turae
286 1128 551 1207 descenderetur,
579 1133 612 1196 et
636 1148 697 1214 quo
721 1127 819 1194 latius
843 1126 1056 1214 contemplari
1081 1127 1195 1194 liceret

175 1257 283 1304 rerum
296 1240 478 1305 creatarum
494 1237 651 1330 ordinem.

220 1347 299 1412 Haec
313 1346 499 1414 Aristotelis
519 1346 559 1412 de
574 1347 692 1410 natura
710 1343 888 1410 viventium
908 1342 1066 1429 principia
1081 1365 1122 1410 ex
1136 1365 1193 1411 va-

174 1453 232 1520 riis
250 1456 318 1542 ejus
334 1455 374 1521 de
390 1453 581 1520 animalibus
596 1452 687 1518 libris
708 1451 874 1538 colligere,
894 1456 927 1519 et
942 1473 1015 1519 cum
1030 1453 1070 1518 iis
1086 1474 1157 1538 quae
1173 1474 1194 1518 a

174 1564 406 1630 recentioribus
429 1567 562 1648 reperta
585 1567 660 1628 sunt
683 1561 826 1628 breviter
846 1581 1033 1647 comparare
1057 1561 1136 1627 mihi
1159 1562 1193 1627 in

174 1673 281 1738 animo
300 1673 371 1738 fuit.
392 1673 526 1758 Singula
546 1670 672 1756 quidem
688 1690 878 1735 enumerare
899 1690 970 1753 quae
990 1669 1029 1734 de
1053 1690 1194 1754 unoquo-

176 1801 236 1864 que
253 1781 465 1847 animantium
482 1800 600 1866 genere
615 1782 704 1844 recte
720 1781 753 1844 et
775 1780 868 1843 acute
886 1776 967 1843 vidit
982 1776 1191 1856 Aristotelea,

175 1891 231 1956 sed
247 1911 318 1975 quae
334 1894 456 1955 nostrae
469 1889 577 1954 aetatis
589 1892 749 1964 auctores,
765 1889 815 1952 tot
827 1885 1193 1979 novis'investigationis

173 1999 277 2064 modis
297 2002 330 2064 et
351 1998 543 2085 adjumentis
559 1996 727 2075 instructi,
751 1995 852 2060 multo
868 1994 1027 2079 copiosius
1044 2000 1077 2061 et
1093 1996 1194 2062 subti-

173 2106 235 2172 lius
259 2108 474 2193 descripsere,
497 2125 608 2191 parvae
628 2104 778 2171 utilitatis
799 2103 867 2169 fore
891 2103 1074 2181 videretur;
1100 2105 1193 2170 iniis

172 2236 250 2282 vero
264 2209 333 2302 quae
350 2214 531 2282 necessario
546 2213 756 2300 ignoraverit,
775 2216 832 2278 aut
852 2212 886 2277 in
905 2212 1019 2297 quibus
1037 2214 1193 2299 temporis

174 2325 268 2408 culpa
291 2325 398 2410 potius
423 2343 517 2408 quarn
543 2343 601 2388 sua
627 2322 802 2399 erraverit,
832 2321 975 2406 profecto
1001 2309 1193 2406 supervaca-

173 2453 269 2498 neum
285 2437 370 2498 esset
391 2432 568 2498 immorari.
591 2429 638 2496 De
658 2430 864 2514 rationeque
885 2450 962 2496 usus
979 2433 1029 2494 est
1051 2431 1191 2514 philoso-

173 2540 257 2625 phus
278 2541 318 2606 ad
341 2541 570 2607 instituendam
593 2559 749 2605 summam
771 2543 897 2604 naturae
914 2538 1060 2603 'viventis
1077 2538 1194 2605 doctri-

174 2667 273 2724 nam,
301 2649 339 2713 de
365 2649 488 2734 legibus
518 2648 631 2733 quibus
655 2647 797 2712 universi
824 2645 1036 2711 animantium
1065 2647 1193 2732 generis

176 2754 362 2821 constitutio
377 2757 516 2841 regitur,
540 2757 579 2822 de
601 2755 705 2821 causis
727 2765 797 2838 quae
813 2753 992 2838 specierum
1012 2753 1064 2818 vel
1085 2753 1194 2819 simili-

173 2861 386 2930 tudinem‘vel
402 2861 614 2930 differentiam
631 2861 789 2939 efficiunt,
808 2866 935 2928 tantum
960 2877 1112 2948 agemus;¹
1132 2880 1195 2947 qua

173 2971 301 3056 quidem
325 2971 358 3036 in
383 2973 598 3058 disputatione
625 2971 818 3056 praeclarum
839 2971 918 3038 illud
946 2970 1046 3055 ipsius
1069 2971 1195 3036 Aristo-

173 3079 248 3145 telis
264 3087 461 3166 praeceptum
486 3101 672 3173 sequemur,
703 3080 756 3164 qui
786 3077 949 3145 veteribus
972 3079 1191 3165 philosophie,
1296 3107 1298 3113 ·

173 3188 300 3253 etiamsi
320 3189 442 3256 leviora
464 3188 634 3274 aliquando
659 3188 785 3274 opinari
811 3187 995 3264 videantur,
1022 3187 1194 3272 plurimam

171 3297 243 3362 vult
258 3298 397 3383 gratiam
412 3297 537 3375 haberi,
556 3297 671 3383 quippe
693 3297 746 3382 qui
768 3296 834 3362 suis
850 3295 1013 3361 laboribus
1029 3307 1063 3362 et
1084 3298 1192 3364 tenta-

171 3404 289 3470 mentis
301 3409 422 3472 nostrae
435 3405 542 3472 aetatis
554 3404 811 3492 praeparaverint
822 3403 988 3470 meliorem
1000 3407 1120 3472 statum
1128 3401 1187 3494 (1).

210 3617 243 3682 ul
265 3615 464 3695 lretupnysa,
480 3621 506 3676 1.
551 3605 554 3618 '
