3134 4938
606 429 661 580 ,5
931 473 944 500 x

143 677 214 744 quae
230 656 295 725 sint
307 656 523 744 generationis
538 656 626 744 leges
642 661 675 724 et
686 656 854 744 principia,
874 677 936 743 qua
951 657 1077 726 ratione
1090 661 1159 746 qui-

146 767 245 834 busve
261 767 300 832 de
317 766 421 832 causis
444 787 554 832 omnes
574 766 718 852 corporis
734 769 843 852 partes
871 771 958 834 certo
982 767 1017 832 in
1048 769 1159 835 ordine

141 873 356 942 informentur
371 877 403 940 et
415 877 614 962 augeantur;
629 895 667 940 ac
683 874 818 959 denique
828 873 867 940 de
879 876 1038 970 communi
1055 876 1158 962 inqui-

141 983 194 1051 rit
214 985 354 1050 omniurn
379 1005 450 1068 quae
471 984 506 1049 in
527 1004 660 1069 corpore
676 983 799 1051 viventi
817 982 899 1050 fiunt
914 1005 1022 1062 cansa,
1041 985 1075 1051 id
1095 990 1156 1064 est,

109 1147 111 1154 ,
142 1095 181 1160 de
198 1093 315 1171 anima,
336 1113 408 1178 quae
424 1093 551 1178 quidem
567 1093 596 1158 ei
612 1093 741 1160 videtur
754 1092 804 1158 vis
821 1113 891 1158 esse
902 1093 1011 1159 vitalis
1036 1096 1157 1161 etmo·
1227 1149 1233 1158 r

63 1243 65 1246 <
141 1221 232 1279 vens,
248 1200 571 1286 eademquecmnium
582 1201 1038 1286 instrumentorumtotiusquc
1054 1207 1157 1270 struc-

140 1305 224 1378 turae
240 1309 325 1388 finis,
344 1309 400 1375 sed
419 1310 451 1375 in
464 1310 576 1396 primis
593 1311 745 1386 essentia,
765 1331 836 1394 quae
853 1310 991 1396 speciem
1015 1315 1158 1380 etnatuss

140 1439 212 1485 ram
228 1419 379 1507 cujusque
392 1419 564 1484 animantis
580 1419 757 1484 constituit.
777 1419 856 1484 Haec
872 1421 921 1483 est
936 1419 1063 1485 illorum
1080 1431 1158 1506 qua*

140 1531 215 1594 tuor
231 1548 363 1613 operum
380 1527 577 1592 admirabilis
603 1527 761 1612 gradatio
796 1526 1013 1592 celeberrimae
1041 1529 1158 1614 princi-

140 1637 265 1723 piorum
274 1637 308 1702 in
315 1636 526 1722 peripatetica
535 1635 859 1722 disciplinadivisioni
868 1635 935 1700 fere
944 1637 1153 1721 respondens,
1228 1668 1230 1671 ’

141 1745 187 1811 ita
201 1750 237 1814 ut
252 1745 286 1811 in
301 1744 446 1811 historiis
459 1744 682 1811 describantur
696 1746 773 1811 vitae
796 1745 924 1810 diversa
949 1745 1107 1813 elementa
1123 1751 1157 1814 et

143 1853 231 1938 quasi
246 1853 395 1940 materia,
407 1853 440 1918 in
452 1853 542 1919 libris
554 1875 631 1920 vero
645 1855 682 1920 de
699 1853 845 1939 partibus
860 1852 933 1918 finis
946 1854 1035 1941 cujus
1052 1857 1158 1942 gratia

141 1984 179 2028 ea
194 1961 353 2029 elementa
365 1965 525 2040 constent,
544 1966 613 2028 tum
629 1961 662 2027 in
674 1962 764 2027 libris
780 1955 1039 2048 degeneratione
1060 1985 1158 2031 causa

139 2093 310 2159 corporum
324 2072 502 2140 viventium
518 2071 657 2137 efficiens
670 2068 729 2161 (l)
748 2075 818 2138 tum
834 2070 1001 2136 demumin
1014 2071 1104 2140 libris
1117 2073 1156 2140 da

138 2181 247 2246 anima
262 2182 446 2247 eorumdem
463 2181 605 2246 essentia
617 2185 792 2265 quaeratur.

184 2289 296 2374 Neque
309 2289 455 2374 equidem
471 2289 691 2355 contenderim
713 2288 820 2356 omnia
850 2288 885 2354 in
911 2290 973 2354 hoc
999 2275 1154 2356 immenso

140 2418 236 2483 opere
249 2418 338 2482 aeque
355 2419 432 2463 vera
449 2418 519 2463 esse
535 2402 569 2463 et
584 2397 707 2463 mendis
723 2417 845 2475 vacua;
869 2397 925 2462 sed
949 2400 985 2461 ut
1002 2397 1155 2483 pleraque

139 2527 211 2590 quae
227 2506 266 2572 de
279 2505 462 2571 animalium
479 2505 692 2591 descriptione
714 2503 848 2570 tradidit
864 2503 1084 2589 philosophus
1104 2509 1154 2572 at·

140 2635 201 2696 que
214 2614 340 2680 omnino
356 2613 505 2680 derebus
522 2635 656 2698 quarum
673 2617 763 2678 certa
778 2611 917 2696 cognitio
930 2611 1010 2676 nihil
1027 2612 1089 2678 nisi
1106 2614 1153 2680 di-

140 2717 305 2807 ligentiam
322 2720 572 2807 observandique
600 2721 765 2787 solertiam
785 2719 976 2805 requireret,
995 2722 1153 2788 recentio-

137 2849 211 2894 rum
227 2827 525 2915 investigationibus
537 2829 728 2896 confirmata
739 2833 826 2906 sunt,
845 2829 902 2903 ita,
917 2827 950 2892 in
958 2828 1013 2914 ,iis
1027 2849 1097 2913 quae
1114 2828 1153 2896 de

35 2981 37 2986 -
135 2937 327 3003 interiorum
343 2938 485 3024 corporis
501 2938 642 3024 partium
655 2958 714 3004 usu
731 2940 827 3022 atquc
855 2935 1025 3002 efficientia
1052 2937 1152 3004 disse-

135 3045 212 3124 ruit,
237 3045 402 3112 fatendum
428 3051 477 3114 est
504 3047 621 3113 multos
647 3066 774 3112 errores
793 3044 975 3130 irrepsisse.
1011 3046 1153 3120 Quorum

136 3153 215 3220 duas
232 3175 345 3220 causas
371 3155 406 3220 in
432 3155 545 3241 primis
571 3155 664 3222 uideo
685 3181 691 3220 :
710 3153 969 3238 alteramoquod,
983 3167 1093 3238 'quum
1119 3155 1153 3221 in
1186 3151 1195 3175 “

134 3263 277 3352 physicis
293 3263 438 3330 materiae
454 3285 533 3329 vera
549 3265 708 3330 elementa
735 3283 981 3348 communesque
1001 3262 1089 3349 leges
1120 3268 1154 3332 et

133 3372 233 3450 vires
252 3372 365 3456 quibus
382 3373 523 3439 omnium
540 3376 837 3458 corporum'partes
858 3371 1085 3438 contineantur
1096 3376 1154 3439 aut

134 3486 337 3557 moveantur,
356 3480 485 3547 omnino
498 3482 649 3560 laterent,
663 3481 807 3567 profecto
824 3501 935 3547 eorum
960 3481 1091 3564 quaein
1106 3481 1158 3546 vi-v

133 3589 284 3656 ventibus
297 3589 477 3655 efficiantur
488 3610 567 3655 vera
579 3590 663 3657 ratio
679 3588 771 3656 reddi
794 3611 859 3656 non
874 3592 1003 3675 posset;
1022 3587 1149 3668 deinde,

133 3699 217 3784 quod
233 3697 321 3763 illam
337 3703 464 3765 naturae
476 3699 716 3784 interrogandae
729 3701 855 3777 artem,¹
876 3716 938 3784 qua
954 3696 1160 3763 recentiores

133 3827 193 3892 ope
210 3807 504 3892 experimentorum
535 3806 699 3893 propriam
726 3806 878 3893 cujusque
908 3805 1012 3892 partis
1028 3804 1095 3871 vim
1118 3809 1159 3873 et²

131 3934 229 4016 usum
239 3914 390 4003 detegere
405 3919 591 4002 potuerunt,
609 3915 779 3983 Aristoteli
794 3935 927 4002 prorsus
943 3917 1014 4000 erat
1025 3915 1150 4004 ignota,

169 4140 205 4206 ll)
225 4139 266 4198 lta
279 4151 380 4213 gener.
395 4137 497 4210 onim,
512 4141 538 4214 l‚-
550 4141 577 4200 l.
