3106 4932
623 478 803 544 ..87-

152 651 155 658 ⁴
205 621 293 686 Vera
308 621 392 686 enim
405 622 582 707 specierum
603 621 787 687 discrimina
802 620 1045 708 ignorabantur,
1063 642 1219 708 nemoque

205 727 432 796 observaverat
453 729 565 815 quibus
587 730 689 796 modis
709 749 820 795 earum
841 729 944 794 forma
965 728 1092 795 variare
1108 734 1217 815 posset

203 856 343 924 quosque
366 837 454 904 intra
473 837 591 903 limites
607 858 646 903 ea
664 837 801 904 variatio
817 837 1046 904 contineretur.
1068 837 1215 904 Indivisi-

202 944 282 1010 biles
298 945 424 1030 quidem
439 949 536 1030 atque
553 946 681 1011 omnino
698 945 859 1031 sejunctas
879 944 1003 1031 species
1014 965 1084 1010 esse
1100 947 1216 1015 asserit

202 1053 411 1130 Aristoteles3
440 1074 542 1138 neque
565 1057 675 1119 tamen
699 1053 862 1119 nesciebat
885 1075 925 1118 ex
941 1052 1063 1119 duabus
1079 1052 1215 1122 diversae

167 1241 168 1244 Ἴ
203 1161 319 1247 speciei
335 1161 551 1227 animantibus
571 1161 709 1227 mediam
728 1161 972 1246 formamsaepe
988 1162 1077 1227 nasci
1096 1189 1103 1227 :
1126 1163 1215 1249 cujus

202 1275 239 1336 ut
253 1270 411 1336 rationem
432 1270 562 1347 reddat,
582 1291 748 1336 commune
769 1291 840 1335 esse
859 1269 906 1336 ait
923 1269 1051 1354 utrique
1070 1271 1212 1357 parenti,

201 1369 350 1445 videlicet
365 1399 454 1466 equae
471 1381 504 1444 et
524 1376 615 1444 asino
640 1399 751 1466 genus,
771 1378 925 1464 istiusque
942 1379 1069 1464 generis
1080 1377 1216 1444 formam

135 1525 137 1538 ι
202 1485 241 1551 ab
258 1486 411 1552 ambobus
427 1488 512 1553 mulo
533 1487 630 1553 tradi.
652 1487 714 1555 Sed
729 1487 935 1552 nihilominus
952 1505 993 1551 ex
1009 1486 1070 1551 hoc
1089 1491 1215 1554 constat

200 1614 264 1660 non
276 1595 484 1681 insuperabili
500 1617 591 1662 muro
616 1600 781 1682 separatas
799 1615 869 1692 esse
881 1594 1002 1660 vicinas
1015 1594 1148 1680 species,
1167 1595 1215 1662 id-

110 1742 118 1766 1
201 1724 261 1788 que
277 1703 394 1769 animal
410 1704 519 1770 vivere
534 1725 628 1790 posse
641 1705 730 1790 cujus
742 1706 860 1798 natura
867 1707 900 1768 et
915 1700 1030 1789 figura,
1049 1703 1215 1790 utriusque

199 1813 343 1898 parentis
362 1813 535 1900 particeps,
560 1834 624 1879 non
645 1812 771 1898 quidem
797 1815 890 1880 tanta
914 1813 1053 1878 omnium
1075 1814 1215 1898 partium

152 1995 155 2000 ,
199 1919 393 2007 perfectione
409 1925 523 1988 ettam
543 1926 619 2007 apto
635 1941 792 1986 consensu
808 1921 931 1986 eminet
942 1941 1036 2006 quam
1052 1941 1215 2007 germanae

189 2029 333 2114 species,
352 2030 408 2095 sed
424 2033 532 2096 tamen
553 2029 593 2095 ad
612 2029 713 2095 vitam
734 2028 987 2094 conservandam
1008 2028 1135 2096 sufficit.
1154 2029 1213 2096 At-

83 2189 93 2214 .
198 2137 252 2222 qui
268 2137 295 2202 si
311 2158 423 2204 rursus
439 2137 504 2204 illae·
524 2138 682 2226 ambiguae
704 2136 815 2203 formae
831 2137 953 2223 prolem
975 2137 1213 2223 inperpetuum

198 2243 365 2310 fecundam
382 2248 414 2310 et
430 2245 479 2310 sui
504 2245 639 2313 similem
662 2248 867 2332 generarent,
889 2243 979 2310 nulla
999 2247 1089 2310 certa
1107 2266 1212 2310 rema-

142 2339 149 2348 ’
198 2356 291 2454 neret
306 2351 459 2430 definitio,
474 2347 545 2438 ¹qua
565 2354 686 2440 speeies
711 2353 936 2419 clauderentur
953 2355 986 2418 et
1001 2353 1073 2418 aliae
1086 2353 1125 2418 ab
1141 2353 1213 2420 aliis
1233 2405 1235 2411 s

198 2462 454 2548 sejungerentur.
480 2461 668 2530 Crediderat
691 2462 818 2548 quidem
839 2460 1123 2540 Aristoteles'illas
1143 2482 1211 2527 am·
1313 2517 1338 2534 ,.

197 2567 311 2658 biguas
329 2570 435 2656 proles
452 2569 492 2636 ad
512 2571 626 2635 matris
650 2570 788 2656 figuram
810 2573 883 2654 post
898 2567 1019 2652 aliquot
1034 2570 1213 2656 generatio-

198 2697 255 2742 nes
271 2698 397 2763 semper
411 2678 547 2755 reverti;
566 2699 621 2747 eas
636 2679 822 2764 plerumque
838 2676 907 2742 fieri
923 2697 998 2742 mox
1014 2677 1213 2753 steriles,'ita

198 2786 305 2850 tamen
320 2791 367 2863 ut,
387 2806 484 2872 quum
500 2785 645 2852 fecundae
661 2789 824 2862 maneant,
843 2785 884 2850 ad
896 2789 1065 2871 paternam
1080 2790 1137 2852 aut
1148 2784 1214 2852 r'na·

196 2895 322 2959 ternam
346 2893 484 2979 speciem
514 2893 641 2959 demum
672 2894 878 2969 reducantur,
908 2893 995 2959 inter
1017 2894 1212 2968 recentiores

195 3006 343 3068 auctores
359 3001 426 3066 fere
438 3005 580 3079 constat;
600 3005 633 3067 et
648 3001 791 3088 plerique
807 3001 944 3087 speciem
960 2999 1087 3068 infinita
1101 3001 1210 3068 fecun-

197 3109 296 3175 ditate
312 3109 539 3176 determinant.
560 3109 622 3177 Sed
639 3109 717 3176 illud
737 3110 771 3175 in
786 3108 897 3195 primis
912 3130 998 3175 nunc
1013 3109 1206 3196 disputatur,

197 3221 303 3284 utrum
320 3217 452 3304 species,
477 3238 547 3303 quae
568 3218 721 3305 praesenti
740 3220 884 3303 tempore
909 3218 1062 3305 sejunctae
1077 3219 1207 3288 videan-

196 3326 262 3401 tur,
281 3317 405 3410 po‘ssint
419 3325 516 3412 longa
530 3329 692 3393 vetustate
707 3326 741 3392 in
756 3327 835 3392 alias
851 3325 991 3394 transire
1007 3329 1063 3394 aut
1081 3348 1122 3393 ex
1137 3327 1208 3393 aliis

196 3432 286 3497 nasci
301 3433 485 3517 potuerint:
505 3455 575 3519 quae
591 3434 718 3519 quidem
738 3435 872 3521 quaestio
889 3436 1069 3521 praesertim
1085 3440 1209 3521 spectat

195 3540 237 3606 ad
251 3537 324 3605 illas
346 3541 493 3627 antiquas
517 3541 703 3608 animalium
730 3544 987 3628 plantarumque,
1015 3564 1086 3629 quae
1106 3547 1209 3609 terra·

194 3669 267 3714 num
282 3646 392 3715 orbem
407 3649 619 3728 incoluerunt,
634 3651 846 3727 mutationem
864 3670 997 3735 eamque
1016 3650 1208 3718 Aristoteles

195 3756 375 3842 expendere
390 3778 455 3825 non
470 3759 585 3844 potuit,
613 3778 710 3843 quum
729 3777 839 3825 omnes
859 3758 981 3844 species
1004 3779 1045 3826 ex
1060 3759 1147 3826 omni
1162 3779 1206 3826 ae-

194 3864 348 3932 ternitate
363 3865 397 3933 in
412 3866 510 3934 terris
523 3867 681 3934 exsistere
697 3867 873 3934 arbitretur
889 3863 948 3956 (1)

230 4061 263 4127 (l)
283 4051 332 4112 Διὸ
349 4050 422 4132 γένος
441 4052 483 4112 ἀεὶ
501 4050 644 4136 ἀνθρώπων
661 4053 707 4114 καὶ
724 4050 799 4124 ζώων
812 4053 867 4114 ἐστὶ
881 4053 925 4114 καὶ
934 4057 1032 4139 φυτῶν.
1047 4063 1088 4120 De
1105 4076 1205 4159 genef,

195 4145 284 4207 anim.
298 4149 334 4222 11,
348 4152 376 4208 l.
