3106 4932
620 605 665 616 ..
688 567 801 634 39·-

204 731 281 796 quas
298 715 445 778 constare
470 713 563 778 docet
582 711 615 776 in
631 714 738 777 mente
766 710 884 777 divina.
910 711 1014 786 Quum
1030 711 1114 776 enim
1131 713 1216 779 Deus

201 841 242 886 ex
254 820 463 907 peripatetica
479 820 625 887 doctrina
637 820 777 908 seipsum
793 824 948 906 perpetuo
959 822 1080 908 cogitet
1095 825 1128 889 et
1143 843 1217 889 con-

201 928 384 1014 templetur,
403 929 510 995 omnia
525 930 619 996 simul
634 929 755 1016 cogitat
771 949 842 1014 quae
863 929 948 995 bona
963 934 1039 998 sunt
1059 934 1092 998 et
1107 911 1216 1017 perse

201 1036 424 1132 intelligibilia,
444 1060 576 1125 quaeque
593 1039 632 1105 a'b
649 1039 770 1125 optima
785 1039 1116 1125 praestantissimaque
1132 1061 1217 1107 sum-

202 1165 263 1210 mae
287 1147 402 1213 mentis
429 1151 546 1214 natura
570 1146 723 1233 distingui
746 1151 931 1232 nequeunt:
957 1147 1041 1213 idern
1058 1152 1107 1215 est
1130 1149 1215 1214 enim
1304 1151 1308 1158 “

181 1277 182 1280 ¹
201 1253 284 1339 quod
309 1253 459 1344 intelligit
480 1259 512 1322 et
534 1255 617 1341 quod
638 1253 830 1342 intelligitur
846 1252 904 1345 (1).
924 1256 962 1321 In
982 1254 1037 1321 illa
1053 1256 1152 1342 igitur
1167 1257 1215 1324 di·

201 1362 276 1429 vina
291 1367 398 1430 mente
414 1365 619 1430 continentur
641 1357 817 1449 specierum
832 1363 1009 1430 viventium
1033 1364 1214 1452 intelligen-
1270 1395 1272 1408 ·

200 1471 255 1538 tiae
272 1477 304 1539 et
323 1473 530 1558 exemplaria,
550 1495 684 1559 quornm
704 1473 745 1539 ad
761 1473 898 1560 effigiem
913 1494 967 1539 res
989 1495 1152 1560 corporeae
1167 1475 1215 1542 in·
1335 1488 1339 1500 ’

200 1579 389 1648 formantur.
417 1580 479 1649 Sed
499 1583 620 1648 eaedem
635 1582 699 1648 illae
721 1583 882 1658 essentiae,
910 1601 1006 1667 quum
1027 1582 1214 1668 corporibus

194 1691 316 1777 junctae
344 1695 419 1758 sunt
443 1691 531 1758 etin
559 1692 635 1759 data
657 1691 794 1757 materia
816 1694 1011 1770 constantes
1038 1695 1107 1758 tum
1130 1692 1214 1760 hanc

199 1798 368 1866 materiam
392 1799 459 1866 suis
485 1799 609 1886 legibus
634 1803 667 1866 et
685 1799 718 1866 vi
740 1800 871 1886 propria
886 1803 1003 1886 regunt
1021 1803 1054 1865 et
1069 1807 1210 1880 movent,

198 1927 315 1992 easque
331 1911 463 1973 naturas
488 1907 688 1974 constituunt
704 1927 782 1992 quas
803 1909 926 1974 animas
943 1912 1038 1988 vocat
1053 1909 1213 1977 Aristote-

124 2070 127 2082 .
198 2017 256 2090 les,
270 2017 339 2102 jam
355 2037 375 2081 a
390 2017 545 2104 magistro
561 2017 656 2104 longe
672 2015 850 2084 discedens.
870 2016 931 2084 Hic
952 2017 1037 2082 enim
1052 2016 1124 2084 illas
1140 2039 1212 2105 spc—
1245 2000 1253 2016 ⁹

119 2131 120 2140 ’
198 2125 273 2201 eice,
294 2145 371 2209 quas
389 2121 466 2200 ἰδέας
483 2125 634 2211 appellat,
653 2125 834 2211 praesertim
850 2129 886 2192 ut
904 2125 1101 2211 exemplaria
1116 2127 1213 2194 duxe-

197 2237 261 2309 rat,
281 2236 313 2298 et
338 2253 408 2298 eam
436 2254 505 2300 csse
535 2233 631 2300 rebus
657 2233 837 2302 viventibus
862 2231 1029 2310 tinemut
1052 2235 1212 2320 perfectas

197 2341 270 2406 illas
285 2341 404 2418 formas
419 2342 625 2408 imitarentur
639 2369 646 2420 ;
665 2363 768 2428 neque
791 2341 926 2409 multum
942 2341 1034 2410 abest
1049 2343 1126 2427 quin
1140 2344 1212 2411 illas

197 2451 294 2518 etiam
308 2450 397 2537 leges
413 2471 483 2516 esse
505 2451 590 2519 dicat
606 2452 719 2537 quibus
734 2454 868 2538 regatur
887 2470 995 2516 rerum
1011 2449 1211 2519 mutabilium

197 2563 332 2636 natura;
350 2558 438 2626 nullo
455 2559 548 2625 modo
564 2560 650 2626 enim
664 2581 717 2625 res
732 2559 936 2645 imperfectas
952 2562 1100 2625 constare
1115 2580 1211 2645 posse

198 2669 230 2732 et
245 2668 379 2752 speciem
389 2668 488 2734 ullam
497 2669 660 2755 possidere
677 2669 733 2747 ait,
745 2668 806 2734 nisi
817 2665 968 2753 perfectae
985 2667 1209 2755 alicujusideae
1294 2665 1297 2670 ’

196 2777 367 2859 praesentia
394 2781 427 2843 et
453 2775 751 2844 communicatione.
767 2776 898 2842 Minime
924 2796 1001 2842 vero
1028 2777 1100 2842 illas
1119 2775 1209 2845 ideas

193 2888 287 2969 putat
297 2886 487 2973 principium
497 2905 567 2951 esse
580 2890 697 2962 motus,
714 2905 810 2971 quum
821 2873 999 2951 immobiles
1012 2884 1096 2951 sint:
1112 2883 1209 2952 aliam

194 2996 226 3059 et
241 3014 373 3079 prorsus
395 2993 555 3060 diversam
578 3014 648 3060 esse
665 3014 806 3072 causam,
825 3013 888 3079 qua
903 3013 1019 3078 corpus
1035 2993 1208 3065 animantis

192 3106 370 3179 moveatur,
390 3102 512 3169 scilicet
535 3103 688 3176 animum,
708 3103 798 3190 cujus
826 3122 864 3168 ea
878 3105 997 3168 natura
1011 3101 1054 3168 sit
1072 3105 1110 3169 ut
1124 3103 1207 3191 seip-

195 3230 265 3274 sum
286 3215 440 3296 perpetuo
460 3216 588 3280 moveat
612 3215 645 3278 et
665 3211 714 3278 sui
730 3211 1023 3306 ipsiusmutatione
1039 3215 1072 3278 et
1086 3211 1208 3298 impetu

195 3310 405 3405 caetera'agat
424 3322 457 3385 et
476 3320 635 3387 immutet.
654 3323 703 3387 Ea
716 3325 829 3388 contra
845 3341 940 3407 quarn
959 3321 1099 3388 animam
1114 3312 1209 3390 uocat

193 3425 387 3494 Aristoteles
403 3427 442 3492 ab
456 3430 596 3496 essentia
611 3432 644 3495 et
660 3429 765 3516 specie
780 3451 846 3495 non
857 3429 1061 3506 diversa'est,
1080 3429 1207 3496 eadem-

194 3536 261 3620 que‘
271 3537 321 3600 cst
335 3534 369 3600 in
384 3535 539 3604 animanti
555 3536 607 3602 lex
622 3540 729 3603 motus
745 3540 778 3602 et
792 3536 841 3603 vis
857 3557 1001 3615 movens
1019 3557 1121 3621 neque
1136 3537 1208 3623 ipsa,

192 3645 341 3709 movetur
356 3648 412 3711 aut
426 3647 581 3712 mutatur.
598 3645 700 3720 Quam
712 3644 888 3712 Platonicae
901 3644 981 3710 ideae
992 3644 1099 3730 potius
1112 3635 1206 3730 q'uarfi

191 3751 358 3819 Platonico
378 3753 484 3822 animo
508 3772 695 3839 comparare
715 3752 855 3819 deceret,
877 3753 1023 3837 Namque
1039 3773 1080 3818 ex
1102 3751 1205 3820 tribus

191 3859 335 3929 idearum
351 3862 534 3950 generibus
553 3883 625 3948 quae
640 3862 735 3930 Plato
752 3866 938 3950 agnoverat,
949 3882 1048 3964 unum
1063 3864 1201 3940 tantum,

135 4153 140 4162 ,
231 4101 263 4171 u)
284 4091 350 4156 'Eat
369 4093 417 4174 μὲν
434 4093 485 4178 γὰρ
503 4065 557 4156 τῶνΙ
572 4093 632 4154 ἄνευ
647 4093 723 4170 ὕλης,
738 4093 769 4154 τὸ
783 4091 847 4153 αὐτό
863 4095 918 4155 ἔστι
932 4092 963 4154 τὸ
976 4097 1051 4155 νοοῦν
1067 4092 1113 4156 καὶ
1123 4093 1205 4159 atro-

194 4189 320 4271 οὖμενονι
331 4203 372 4258 De
387 4199 548 4275 animaelli,
568 4204 597 4260 4.
614 4230 645 4242 -
660 4193 972 4276 vichetapliys.X11,
988 4201 1004 4260 7
1018 4205 1048 4257 et
1060 4201 1087 4262 9.
