3134 4938
774 553 953 622 ...44-

289 791 293 796 .
356 711 436 786 puer
451 697 542 766 initio
558 702 684 785 partem
700 699 899 785 superiorem
914 698 1057 768 inferiori
1077 702 1234 796 majorem
1248 702 1370 780 habet;

223 893 229 909 ,
355 809 403 876 ita
417 811 453 874 ut
467 807 572 874 bestia
595 806 844 910 hominemtere
864 808 984 876 referat
1007 809 1061 895 qui
1080 831 1181 896 usque
1205 810 1246 878 ad
1267 811 1341 898 perf
1358 849 1372 864 ·

356 920 443 983 ctum
458 916 690 983 incrementum
706 916 891 983 adolescere
903 937 968 984 non
983 918 1099 1004 potuit.
1115 920 1234 986 Omnes
1247 920 1369 997 bestiae,

287 1016 301 1046 '¹
356 1024 403 1091 ait
417 1023 610 1092 Aristoteles
627 1022 686 1115 (1),
705 1025 798 1092 nanis
815 1025 936 1092 similes
953 1031 1039 1095 sunt.
1064 1029 1143 1094 Haec
1158 1028 1261 1114 partis
1279 1049 1371 1115 supe-

355 1132 451 1200 rioris
482 1133 709 1220 exsuperantia
732 1133 892 1222 gradatim
914 1137 1048 1216 crescit,
1075 1141 1171 1224 prout
1194 1137 1228 1203 in
1254 1138 1374 1204 anima-

356 1241 435 1310 lium
450 1242 561 1310 ordine
578 1242 792 1312 descenditur.
806 1244 1019 1332 Conspicuum
1029 1246 1098 1334 jam
1113 1245 1147 1311 in
1163 1245 1256 1312 simia
1265 1245 1374 1314 discri-

356 1373 442 1430 men,
460 1373 536 1418 mox
551 1356 689 1440 augetur
703 1352 738 1420 in
753 1353 1024 1440 quadrupedibus,
1045 1354 1150 1422 minus
1165 1355 1319 1422 tamenin
1335 1354 1373 1421 iis
1434 1371 1442 1402 ·

357 1482 428 1547 quae
444 1463 553 1549 plures
568 1461 686 1548 digitos
698 1462 819 1528 habent
835 1483 930 1548 quam
945 1463 979 1530 in
994 1463 1127 1531 bisulcis
1140 1469 1174 1532 et
1191 1465 1374 1552 solidipedi·

356 1569 436 1648 bus;
452 1574 529 1638 tum
551 1571 653 1658 majus
669 1570 707 1637 fit
727 1571 761 1636 in
785 1571 914 1649 avibus,
932 1571 967 1638 in
990 1573 1158 1659 reptilibus
1183 1577 1217 1640 et
1235 1573 1374 1660 piscibus

240 1749 243 1756 ,
357 1679 471 1766 ingens
481 1706 488 1748 :
500 1680 717 1767 paulatimque
732 1681 938 1778 decrescente
953 1681 986 1748 vi
1000 1680 1104 1760 vitali,
1119 1681 1228 1750 multis
1241 1681 1374 1769 pedibus

357 1786 476 1854 animal
497 1793 586 1876 eget,
610 1792 667 1854 aut
690 1788 779 1854 humi
800 1788 907 1856 fusum
931 1794 1062 1875 reptat;
1081 1790 1204 1877 jamin
1225 1789 1374 1857 Mollibus

359 1901 455 1982 caput
484 1896 569 1964 infra
592 1875 715 1976 lertur;
737 1896 872 1984 denique
896 1898 930 1964 in
953 1897 1104 1966 testaceis
1127 1898 1236 1966 multis
1259 1919 1374 1986 corpus

358 2009 456 2074 terrae
472 2007 635 2084 adhaeret,
654 2010 690 2074 ut
707 2007 741 2073 in
752 2005 919 2076 fruticibus
939 2032 946 2072 ε
965 2007 1019 2074 isu
1038 2006 1125 2074 enim
1147 2007 1239 2093 quasi
1256 2007 1375 2074 animal

360 2115 580 2201 resupinatum
603 2115 782 2192 imitantur,
794 2113 948 2182 ‘radicem
970 2135 1029 2202 pro
1050 2136 1107 2182 ore
1130 2115 1298 2183 habentes.
1323 2117 1375 2184 Sic

361 2222 497 2292 efficitur
526 2225 679 2292 continua
706 2224 806 2290 series
831 2244 902 2310 quae
933 2224 1150 2296 ab.inauimis
1172 2244 1231 2311 per
1249 2224 1376 2311 plantas
1452 2225 1455 2232 '

359 2332 504 2421 procedit
513 2334 554 2401 ad
566 2332 718 2400 animalia
731 2337 827 2418 atque
839 2332 913 2399 inde
926 2333 967 2398 ad
983 2333 1144 2399 hominem
1157 2332 1373 2422 progreditur,

266 2520 288 2528 ‚,
360 2442 406 2508 ita
421 2446 458 2509 ut
472 2441 568 2530 hujus
589 2445 712 2508 catenae
729 2432 840 2508 annuli
860 2446 995 2528 angusto
1015 2439 1186 2508 admodum
1208 2440 1376 2510 intervallo

360 2550 497 2638 sejuncti
509 2551 575 2618 sint
590 2548 649 2643 (2).
671 2583 687 2607 n

403 2661 484 2728 Haec
504 2659 708 2728 Aristoteles.
731 2659 878 2736 Sedhaec
893 2658 1052 2746 praeclara
1075 2659 1146 2736 lex,
1165 2679 1260 2745 quam
1286 2658 1376 2726 altis·

360 2753 441 2836 simo
457 2769 586 2856 ingenio
599 2772 774 2846 statuerat,
793 2768 970 2835 innumeris
991 2767 1146 2855 exemplis
1161 2788 1245 2834 nunc
1261 2766 1376 2833 confir·

360 2882 447 2945 mata
474 2863 535 2944 est.
566 2877 740 2943 Innotuere
765 2877 863 2956 enim,
891 2877 958 2944 sive
982 2877 1068 2944 inter
1100 2897 1187 2943 nunc
1214 2876 1374 2955 viventia,

361 2986 428 3052 sire
446 2985 533 3052 inter
552 2985 787 3053 exstinctorum
809 2985 1014 3063 animalium,
1038 3004 1116 3069 quas
1141 2988 1231 3050 terra
1251 2982 1374 3069 condit,
1430 3027 1435 3044 ,

360 3095 494 3172 ruinas,
517 3095 627 3162 multae
649 3093 771 3181 species
796 3114 867 3179 quac
890 3093 1092 3180 propioribus
1113 3093 1210 3160 etiam
1226 3091 1378 3178 gradibus

361 3223 551 3291 magnorum
561 3223 714 3290 generum
724 3200 895 3269 intervalla
907 3201 1078 3288 complent.
1093 3202 1144 3269 Sic
1152 3201 1208 3266 illa
1220 3221 1291 3286 quae
1303 3221 1378 3286 qua-

266 3373 269 3382 ,
360 3309 538 3397 drupedum
549 3308 800 3377 tormamavium
812 3311 921 3376 rostro
934 3309 1094 3397 jungunt;
1114 3309 1171 3387 sic,
1185 3308 1315 3396 reptilia
1328 3309 1377 3374 in-

360 3423 413 3486 ter
428 3422 461 3486 et
476 3419 597 3506 pisceS,
615 3418 810 3486 multiforme
826 3418 905 3485 illud
921 3419 1156 3486 Batrachorum
1172 3438 1284 3510 genus,
1304 3437 1379 3504 quo

360 3549 433 3596 rum
448 3527 503 3594 alii
521 3528 555 3595 in
572 3527 677 3614 prima
696 3527 839 3614 corporis
855 3548 895 3594 ex
916 3548 976 3594 ovo
995 3528 1177 3594 evolutione
1195 3525 1329 3614 piscium
1345 3531 1378 3594 et

361 3636 499 3724 figuram
511 3642 545 3704 et
561 3636 690 3704 vivendi
706 3657 807 3724 genus
818 3634 983 3722 exhibent,
1003 3636 1058 3702 alii
1073 3637 1143 3702 haec
1158 3635 1378 3722 piscibuspro·

361 3746 432 3833 pria
446 3766 505 3831 per
520 3749 622 3814 totam
644 3745 745 3813 vitam
763 3748 912 3822 servant;
937 3747 983 3813 sio
999 3745 1209 3812 animantium
1228 3748 1377 3813 naturam
1490 3741 1496 3750 '

399 4059 431 4125 ut
450 4061 490 4118 Ita
505 4061 578 4132 part.
596 4056 704 4129 anim,
719 4059 765 4128 lv,
777 4019 825 4114 lu.

191 4161 193 4168 Α
323 4194 327 4202 ‘
402 4187 437 4252 (tl
457 4187 497 4243 bc
512 4187 591 4259 pert.
613 4181 714 4282 anun..
729 4184 775 4254 lv,
785 4183 829 4239 10.
