3106 4932
797 538 976 606 ..82-

380 679 627 767 investigatione
642 682 800 747 versetur.
824 681 905 749 Sunt
922 702 998 747 sane
1014 680 1197 748 necessarie
1220 682 1322 748 omnis
1337 703 1393 748 ve-

379 788 485 856 nitatis
507 788 678 875 principia,
704 789 774 855 sine
797 788 910 876 quibus
934 789 1014 888 niffl
1038 811 1108 857 esse
1132 811 1234 876 neque
1257 789 1394 878 intelligi

378 901 503 983 potest;
521 901 597 966 sunt
611 899 771 984 praeterea
786 900 918 964 aeternae
933 897 1019 976 boni,
1034 897 1121 986 juris
1134 902 1229 984 atque
1245 898 1395 967 honesta·

377 1005 421 1073 tis
437 1005 536 1093 leges,
555 1027 689 1092 quarum
704 1006 738 1073 iu
754 1005 870 1072 animis
885 1006 1049 1073 hominum
1065 1008 1231 1094 impressae
1247 1011 1323 1074 sunt
1337 1011 1394 1075 aut

377 1113 493 1180 saltem
515 1114 674 1183 inchoatae
697 1114 937 1202 intelligentiae;
965 1120 1040 1183 sunt
1064 1115 1161 1183 etiam
1185 1116 1310 1204 pulchri
1333 1115 1393 1183 im-

365 1223 529 1290 mortales
544 1224 677 1311 regulae,
691 1221 782 1290 nobis
799 1224 903 1291 minus
918 1227 1016 1302 notae,
1031 1222 1144 1312 quibus
1159 1229 1270 1292 tamen
1285 1227 1392 1293 nescio

376 1350 438 1416 quo
453 1336 547 1418 paeto
561 1331 705 1399 instincti
721 1331 760 1424 de
772 1332 1009 1419 pulchritudine
1025 1354 1136 1400 eorum
1152 1354 1223 1419 quae
1239 1333 1392 1421 adspectu

375 1441 558 1508 sentiuntur
568 1441 760 1530 judicamus.
780 1441 814 1509 Si
828 1441 929 1529 igitur
943 1441 1105 1529 intelligas
1121 1439 1316 1529 simplicibus
1329 1441 1392 1510 illis

375 1551 408 1614 et
423 1548 462 1615 ab
487 1549 574 1617 omui
588 1549 725 1617 materia
744 1549 896 1638 sejunctis
919 1550 1040 1616 normis
1063 1548 1195 1619 definita
1209 1571 1319 1619 rerum
1335 1571 1390 1638 ge,-

374 1678 471 1736 nera‚
495 1658 582 1726 inter
605 1680 644 1726 ea
660 1679 731 1746 quae
752 1679 823 1726 esse
842 1661 994 1746 possunt,
1021 1663 1188 1744 certasque
1213 1659 1392 1726 exsistendi

374 1766 573 1834 conditiones
590 1766 713 1854 subjici,
731 1766 806 1833 inde
822 1767 968 1834 orientur
983 1787 1076 1834 norae
1087 1765 1253 1854 magisque
1268 1787 1306 1834 ac
1322 1787 1390 1834 ma·

374 1875 423 1962 gis
438 1875 579 1944 definitae
595 1878 694 1963 leges,
713 1875 827 1962 quibus
846 1896 917 1962 quae
934 1877 977 1944 sit
991 1875 1025 1941 in
1037 1875 1113 1942 dato
1128 1875 1256 1943 vivendi
1273 1897 1390 1962 genere

371 1985 588 2070 pulcherrima
604 1985 804 2071 maximeque
824 1985 1016 2052 conveniens
1037 1988 1200 2053 structura
1215 1987 1387 2064 statuetur,

372 2096 406 2159 et
429 2113 500 2178 quae
519 2095 588 2181 jam
612 2094 789 2180 potentiam
812 2099 846 2162 et
868 2079 1037 2180 imperium
1060 2093 1094 2159 in
1115 2113 1168 2158 res
1193 2111 1390 2179 corporaque
1417 2143 1426 2160 .

371 2202 583 2280 exercebunt,
603 2203 631 2268 si
646 2201 773 2287 quidem
789 2222 861 2269 cum
877 2203 1031 2280 Platone,
1042 2200 1227 2280 ‚Aristotele
1243 2223 1281 2267 ac
1296 2201 1388 2267 Leib-

370 2307 467 2376 nitzio
480 2310 643 2377 existimes
657 2330 783 2396 semper
794 2310 827 2376 in
839 2315 957 2378 natura
968 2310 1053 2397 quod
1064 2310 1219 2397 optimum
1232 2309 1275 2378 sit
1292 2309 1384 2376 effici.

370 2417 449 2484 Inde
465 2418 529 2486 illae
553 2419 586 2484 in
601 2418 721 2505 plantis
736 2418 903 2497 foliorum,
930 2439 1111 2496 ramorum,
1136 2416 1225 2485 floris
1248 2419 1388 2505 partium

370 2526 448 2592 ordo
465 2527 685 2594 constantibus
706 2527 827 2594 normis
844 2531 877 2594 et
899 2526 1007 2594 nescio
1029 2527 1079 2593 cui
1100 2547 1307 2593 numerorum
1329 2547 1386 2612 po-

367 2635 479 2704 tentiae
494 2645 633 2721 pareus3
650 2635 703 2701 hic
728 2636 812 2701 enim
835 2635 995 2716 ternaria,
1022 2634 1088 2700 illic
1104 2635 1221 2721 saepius
1241 2635 1387 2720 quinaria

367 2740 533 2829 dispositio
549 2764 620 2809 cum
637 2743 776 2809 delinitis
793 2747 984 2810 caeterorum
1003 2744 1081 2810 uitae
1101 2743 1386 2810 instrumentorum

366 2848 554 2916 differentiis
577 2851 705 2918 assiduo
729 2852 945 2939 conjungitur.
965 2852 1028 2920 Sed
1050 2855 1185 2940 utraque
1209 2850 1382 2937 descriptio

365 2959 482 3026 multas
505 2979 617 3025 rursus
641 2941 756 3047 recipit
778 2961 978 3039 varietatem
1000 2979 1134 3056 quarum
1159 2959 1314 3045 quasdam
1336 2958 1384 3024 di-

363 3066 481 3133 lexisse
492 3071 610 3133 natura
623 3068 752 3136 videtur
768 3069 849 3135 etin
865 3067 1030 3134 immensis
1047 3068 1225 3154 specierum
1241 3068 1383 3133 numeris

364 3176 673 3262 expressisserhinc
687 3197 851 3256 rosarum,
871 3177 945 3242 hinc
961 3175 1100 3243 liliorum
1115 3175 1382 3262 frequentissimae

364 3288 497 3372 gentes,
525 3286 600 3352 hinc
629 3285 826 3374 leguminum
859 3284 1051 3371 papilionem
1082 3285 1271 3373 imitantes,
1307 3283 1383 3352 hinc

362 3395 501 3483 ophryes
515 3395 615 3463 variis
636 3396 832 3461 insectorum
848 3391 959 3480 figuris
983 3418 990 3459 :
1009 3414 1120 3460 earum
1137 3393 1287 3480 cujusque
1305 3415 1382 3481 gen·

360 3501 441 3570 tium
464 3505 629 3591 proprium
645 3523 716 3570 esse
739 3502 867 3570 videtur
892 3501 1056 3589 exemplar
1079 3506 1112 3569 et
1127 3501 1218 3588 quasi
1242 3501 1380 3570 archite-

361 3615 461 3678 cturae
478 3634 589 3700 genus.
609 3612 704 3691 Quae,
723 3611 750 3677 si
765 3632 867 3698 nuper
882 3614 1010 3697 reperta
1033 3610 1172 3696 antiquis
1195 3609 1379 3677 Academias

359 3721 483 3806 placitis
499 3720 660 3807 explicare
675 3720 860 3798 audeamus
879 3719 976 3786 nullis
992 3740 1013 3784 a
1031 3719 1136 3786 causis
1151 3722 1299 3795 manant,
1318 3717 1381 3784 nisi

359 3829 478 3896 abillis
500 3830 634 3897 aeternis
647 3828 770 3899 decoris
793 3828 929 3916 regulis,
957 3825 1092 3894 infinitae
1116 3826 1294 3893 formarum
1309 3846 1383 3912 quse

359 3959 429 4004 esse
444 3944 579 4025 possunt
601 3937 799 4007 multitudini
821 3935 950 4004 modum
974 3941 1007 4003 et
1025 3956 1209 4003 mensuram
1228 3933 1380 4023 adjicien·

358 4046 455 4112 tibus
640 4029 644 4038 ¹
1263 4084 1270 4114 ι

343 4231 349 4239 ,
400 4154 523 4222 Eadem
546 4155 608 4222 erit
630 4155 664 4222 in
687 4153 903 4223 animantibus
928 4152 1365 4239 similium-diversarumque
