<?xml version="1.0" encoding="UTF-8"?>
<!DOCTYPE html PUBLIC "-//W3C//DTD XHTML 1.0 Transitional//EN"
    "http://www.w3.org/TR/xhtml1/DTD/xhtml1-transitional.dtd">
<html xmlns="http://www.w3.org/1999/xhtml" xml:lang="en" lang="en">
 <head>
  <title>
</title>
<meta http-equiv="Content-Type" content="text/html;charset=utf-8" />
  <meta name='ocr-system' content='tesseract 3.04.00' />
  <meta name='ocr-capabilities' content='ocr_page ocr_carea ocr_par ocr_line ocrx_word'/>
</head>
<body>
  <div class='ocr_page' id='page_1' title='image "./aristotelisphil00philgoog_0022.png"; bbox 0 0 3134 4938; ppageno 0'>
   <div class='ocr_carea' id='block_1_1' title="bbox 627 512 793 586">
    <p class='ocr_par' dir='ltr' id='par_1_1' title="bbox 627 512 793 586">
     <span class='ocr_line' id='line_1_1' title="bbox 627 512 793 586; baseline 0 -18"><span class='ocrx_word' id='word_1_1' title='bbox 627 512 793 586; x_wconf 42' lang='lat' dir='ltr'>...·9‚..w</span> 
     </span>
    </p>
   </div>
   <div class='ocr_carea' id='block_1_2' title="bbox 198 662 1316 752">
    <p class='ocr_par' dir='ltr' id='par_1_2' title="bbox 198 662 1316 752">
     <span class='ocr_line' id='line_1_2' title="bbox 198 662 1316 752; baseline -0.004 -20"><span class='ocrx_word' id='word_1_2' title='bbox 198 664 349 752; x_wconf 71' lang='lat' dir='ltr'>quamdiu</span> <span class='ocrx_word' id='word_1_3' title='bbox 372 664 447 732; x_wconf 91' lang='lat' dir='ltr'>huic</span> <span class='ocrx_word' id='word_1_4' title='bbox 462 664 538 732; x_wconf 86' lang='lat' dir='ltr'>moli</span> <span class='ocrx_word' id='word_1_5' title='bbox 562 663 738 744; x_wconf 85' lang='lat' dir='ltr'>inhaereat,</span> <span class='ocrx_word' id='word_1_6' title='bbox 766 663 796 730; x_wconf 90' lang='lat' dir='ltr'>ei</span> <span class='ocrx_word' id='word_1_7' title='bbox 811 664 948 751; x_wconf 88' lang='lat' dir='ltr'>imperet</span> <span class='ocrx_word' id='word_1_8' title='bbox 963 667 996 744; x_wconf 80' lang='lat' dir='ltr'>et</span> <span class='ocrx_word' id='word_1_9' title='bbox 1018 662 1213 742; x_wconf 77' lang='lat' dir='ltr'>dominetur,</span> <span class='ocrx_word' id='word_1_10' title='bbox 1312 701 1316 708; x_wconf 91' lang='lat'><strong>·</strong></span> 
     </span>
    </p>
   </div>
   <div class='ocr_carea' id='block_1_3' title="bbox 197 771 1216 860">
    <p class='ocr_par' dir='ltr' id='par_1_3' title="bbox 197 771 1216 860">
     <span class='ocr_line' id='line_1_3' title="bbox 197 771 1216 860; baseline -0.001 -20"><span class='ocrx_word' id='word_1_11' title='bbox 197 794 269 860; x_wconf 90' lang='lat' dir='ltr'>quac</span> <span class='ocrx_word' id='word_1_12' title='bbox 292 777 405 854; x_wconf 36' lang='lat' dir='ltr'>tamen,</span> <span class='ocrx_word' id='word_1_13' title='bbox 426 773 514 850; x_wconf 81' lang='lat' dir='ltr'>inse</span> <span class='ocrx_word' id='word_1_14' title='bbox 533 794 598 840; x_wconf 92' lang='lat' dir='ltr'>non</span> <span class='ocrx_word' id='word_1_15' title='bbox 622 773 760 852; x_wconf 86' lang='lat' dir='ltr'>existat,</span> <span class='ocrx_word' id='word_1_16' title='bbox 779 794 883 859; x_wconf 87' lang='lat' dir='ltr'>neque</span> <span class='ocrx_word' id='word_1_17' title='bbox 906 793 975 839; x_wconf 88' lang='lat' dir='ltr'>rem</span> <span class='ocrx_word' id='word_1_18' title='bbox 999 771 1176 858; x_wconf 89' lang='lat' dir='ltr'>simplicem</span> <span class='ocrx_word' id='word_1_19' title='bbox 1196 793 1216 839; x_wconf 91' lang='lat' dir='ltr'>a</span> 
     </span>
    </p>
   </div>
   <div class='ocr_carea' id='block_1_4' title="bbox 68 881 1215 970">
    <p class='ocr_par' dir='ltr' id='par_1_4' title="bbox 68 881 1215 970">
     <span class='ocr_line' id='line_1_4' title="bbox 68 881 1215 970; baseline 0 -22"><span class='ocrx_word' id='word_1_20' title='bbox 68 889 73 897; x_wconf 82' lang='lat'>&#39;</span> <span class='ocrx_word' id='word_1_21' title='bbox 195 881 334 948; x_wconf 85' lang='lat' dir='ltr'>materia</span> <span class='ocrx_word' id='word_1_22' title='bbox 355 881 539 950; x_wconf 77' lang='lat' dir='ltr'>distinctam</span> <span class='ocrx_word' id='word_1_23' title='bbox 566 883 760 960; x_wconf 85' lang='lat' dir='ltr'>constituat,</span> <span class='ocrx_word' id='word_1_24' title='bbox 786 903 889 968; x_wconf 89' lang='lat' dir='ltr'>neque</span> <span class='ocrx_word' id='word_1_25' title='bbox 912 901 932 948; x_wconf 89' lang='lat' dir='ltr'>a</span> <span class='ocrx_word' id='word_1_26' title='bbox 955 881 1141 970; x_wconf 77' lang='lat' dir='ltr'>corporibus</span> <span class='ocrx_word' id='word_1_27' title='bbox 1165 901 1215 948; x_wconf 89' lang='lat' dir='ltr'>sc·</span> 
     </span>
    </p>
   </div>
   <div class='ocr_carea' id='block_1_5' title="bbox 139 989 1301 3682">
    <p class='ocr_par' dir='ltr' id='par_1_5' title="bbox 172 989 1301 2366">
     <span class='ocr_line' id='line_1_5' title="bbox 191 989 1216 1078; baseline 0.003 -21"><span class='ocrx_word' id='word_1_28' title='bbox 191 989 286 1078; x_wconf 84' lang='lat' dir='ltr'>jungi</span> <span class='ocrx_word' id='word_1_29' title='bbox 309 991 427 1077; x_wconf 83' lang='lat' dir='ltr'>possit,</span> <span class='ocrx_word' id='word_1_30' title='bbox 446 1013 506 1058; x_wconf 90' lang='lat' dir='ltr'>nec</span> <span class='ocrx_word' id='word_1_31' title='bbox 525 993 661 1078; x_wconf 88' lang='lat' dir='ltr'>denique</span> <span class='ocrx_word' id='word_1_32' title='bbox 685 992 867 1060; x_wconf 87' lang='lat' dir='ltr'>substantia</span> <span class='ocrx_word' id='word_1_33' title='bbox 890 990 933 1058; x_wconf 86' lang='lat' dir='ltr'>sit</span> <span class='ocrx_word' id='word_1_34' title='bbox 948 989 1087 1078; x_wconf 87' lang='lat' dir='ltr'>propriis</span> <span class='ocrx_word' id='word_1_35' title='bbox 1111 993 1216 1060; x_wconf 82' lang='lat' dir='ltr'>muta·</span> 
     </span>
     <span class='ocr_line' id='line_1_6' title="bbox 195 1099 1215 1189; baseline 0 -22"><span class='ocrx_word' id='word_1_36' title='bbox 195 1099 338 1172; x_wconf 84' lang='lat' dir='ltr'>tionibus</span> <span class='ocrx_word' id='word_1_37' title='bbox 354 1099 509 1180; x_wconf 80' lang='lat' dir='ltr'>obnoxia,</span> <span class='ocrx_word' id='word_1_38' title='bbox 528 1102 586 1168; x_wconf 91' lang='lat' dir='ltr'>sed</span> <span class='ocrx_word' id='word_1_39' title='bbox 601 1102 708 1189; x_wconf 83' lang='lat' dir='ltr'>potius</span> <span class='ocrx_word' id='word_1_40' title='bbox 729 1101 813 1172; x_wconf 85' lang='lat' dir='ltr'>ratio</span> <span class='ocrx_word' id='word_1_41' title='bbox 829 1106 862 1169; x_wconf 86' lang='lat' dir='ltr'>et</span> <span class='ocrx_word' id='word_1_42' title='bbox 877 1101 931 1184; x_wconf 84' lang='lat' dir='ltr'>lex</span> <span class='ocrx_word' id='word_1_43' title='bbox 951 1119 1014 1185; x_wconf 87' lang='lat' dir='ltr'>qua</span> <span class='ocrx_word' id='word_1_44' title='bbox 1029 1099 1062 1165; x_wconf 95' lang='lat' dir='ltr'>in</span> <span class='ocrx_word' id='word_1_45' title='bbox 1079 1120 1215 1187; x_wconf 85' lang='lat' dir='ltr'>corpora</span> 
     </span>
     <span class='ocr_line' id='line_1_7' title="bbox 195 1195 1301 1299; baseline -0.002 -21"><span class='ocrx_word' id='word_1_46' title='bbox 195 1209 317 1278; x_wconf 78' lang='lat' dir='ltr'>viventi</span> <span class='ocrx_word' id='word_1_47' title='bbox 341 1210 449 1276; x_wconf 90' lang='lat' dir='ltr'>omnia</span> <span class='ocrx_word' id='word_1_48' title='bbox 479 1215 645 1279; x_wconf 86' lang='lat' dir='ltr'>mutentur</span> <span class='ocrx_word' id='word_1_49' title='bbox 669 1215 702 1278; x_wconf 90' lang='lat' dir='ltr'>et</span> <span class='ocrx_word' id='word_1_50' title='bbox 733 1209 913 1278; x_wconf 87' lang='lat' dir='ltr'>efficiantur</span> <span class='ocrx_word' id='word_1_51' title='bbox 939 1229 1147 1295; x_wconf 84' lang='lat' dir='ltr'>quaecumque</span> <span class='ocrx_word' id='word_1_52' title='bbox 1174 1195 1216 1276; x_wconf 82' lang='lat' dir='ltr'>ad</span> <span class='ocrx_word' id='word_1_53' title='bbox 1296 1293 1301 1299; x_wconf 88' lang='lat'><em>.</em></span> 
     </span>
     <span class='ocr_line' id='line_1_8' title="bbox 196 1317 1256 1406; baseline -0.002 -20"><span class='ocrx_word' id='word_1_54' title='bbox 196 1318 296 1386; x_wconf 86' lang='lat' dir='ltr'>vitam</span> <span class='ocrx_word' id='word_1_55' title='bbox 318 1319 513 1406; x_wconf 85' lang='lat' dir='ltr'>pertineant.</span> <span class='ocrx_word' id='word_1_56' title='bbox 533 1321 619 1396; x_wconf 73' lang='lat' dir='ltr'>Quae</span> <span class='ocrx_word' id='word_1_57' title='bbox 628 1340 725 1405; x_wconf 91' lang='lat' dir='ltr'>quum</span> <span class='ocrx_word' id='word_1_58' title='bbox 745 1319 779 1385; x_wconf 93' lang='lat' dir='ltr'>in</span> <span class='ocrx_word' id='word_1_59' title='bbox 802 1318 901 1386; x_wconf 86' lang='lat' dir='ltr'>variis</span> <span class='ocrx_word' id='word_1_60' title='bbox 923 1317 1139 1385; x_wconf 87' lang='lat' dir='ltr'>animantibus</span> <span class='ocrx_word' id='word_1_61' title='bbox 1159 1339 1216 1384; x_wconf 87' lang='lat' dir='ltr'>na·</span> <span class='ocrx_word' id='word_1_62' title='bbox 1251 1326 1256 1330; x_wconf 82' lang='grc'><strong>’</strong></span> 
     </span>
     <span class='ocr_line' id='line_1_9' title="bbox 195 1425 1215 1516; baseline -0.001 -22"><span class='ocrx_word' id='word_1_63' title='bbox 195 1430 303 1495; x_wconf 84' lang='lat' dir='ltr'>turam</span> <span class='ocrx_word' id='word_1_64' title='bbox 317 1428 413 1516; x_wconf 86' lang='lat' dir='ltr'>longe</span> <span class='ocrx_word' id='word_1_65' title='bbox 437 1429 599 1495; x_wconf 88' lang='lat' dir='ltr'>diversam</span> <span class='ocrx_word' id='word_1_66' title='bbox 614 1428 795 1515; x_wconf 86' lang='lat' dir='ltr'>possideat,</span> <span class='ocrx_word' id='word_1_67' title='bbox 814 1427 885 1514; x_wconf 86' lang='lat' dir='ltr'>ipsa</span> <span class='ocrx_word' id='word_1_68' title='bbox 904 1427 939 1493; x_wconf 91' lang='lat' dir='ltr'>in</span> <span class='ocrx_word' id='word_1_69' title='bbox 955 1446 990 1492; x_wconf 90' lang='lat' dir='ltr'>se</span> <span class='ocrx_word' id='word_1_70' title='bbox 1013 1425 1134 1513; x_wconf 80' lang='lat' dir='ltr'>percipi</span> <span class='ocrx_word' id='word_1_71' title='bbox 1149 1447 1215 1493; x_wconf 90' lang='lat' dir='ltr'>non</span> 
     </span>
     <span class='ocr_line' id='line_1_10' title="bbox 195 1515 1223 1625; baseline -0.002 -21"><span class='ocrx_word' id='word_1_72' title='bbox 195 1541 317 1624; x_wconf 85' lang='lat' dir='ltr'>potest,</span> <span class='ocrx_word' id='word_1_73' title='bbox 341 1537 398 1605; x_wconf 89' lang='lat' dir='ltr'>sed</span> <span class='ocrx_word' id='word_1_74' title='bbox 414 1538 523 1605; x_wconf 87' lang='lat' dir='ltr'>multis</span> <span class='ocrx_word' id='word_1_75' title='bbox 543 1537 708 1607; x_wconf 86' lang='lat' dir='ltr'>effectibus</span> <span class='ocrx_word' id='word_1_76' title='bbox 722 1515 850 1604; x_wconf 77' lang='lat' dir='ltr'>abditas</span> <span class='ocrx_word' id='word_1_77' title='bbox 865 1535 1018 1625; x_wconf 82' lang='lat' dir='ltr'>patefacit</span> <span class='ocrx_word' id='word_1_78' title='bbox 1038 1539 1223 1622; x_wconf 87' lang='lat' dir='ltr'>potestates</span> 
     </span>
     <span class='ocr_line' id='line_1_11' title="bbox 194 1644 1240 1734; baseline -0.002 -22"><span class='ocrx_word' id='word_1_79' title='bbox 194 1646 388 1732; x_wconf 89' lang='lat' dir='ltr'>intimasque</span> <span class='ocrx_word' id='word_1_80' title='bbox 416 1647 580 1726; x_wconf 86' lang='lat' dir='ltr'>rationes,</span> <span class='ocrx_word' id='word_1_81' title='bbox 607 1652 703 1732; x_wconf 88' lang='lat' dir='ltr'>utque</span> <span class='ocrx_word' id='word_1_82' title='bbox 725 1647 760 1712; x_wconf 91' lang='lat' dir='ltr'>in</span> <span class='ocrx_word' id='word_1_83' title='bbox 787 1645 899 1733; x_wconf 90' lang='lat' dir='ltr'>primis</span> <span class='ocrx_word' id='word_1_84' title='bbox 926 1644 1070 1734; x_wconf 85' lang='lat' dir='ltr'>corporis</span> <span class='ocrx_word' id='word_1_85' title='bbox 1095 1645 1240 1711; x_wconf 73' lang='lat' dir='ltr'>descri-</span> 
     </span>
     <span class='ocr_line' id='line_1_12' title="bbox 195 1752 1253 1842; baseline -0.004 -19"><span class='ocrx_word' id='word_1_86' title='bbox 195 1755 305 1841; x_wconf 78' lang='lat' dir='ltr'>pti&#39;one</span> <span class='ocrx_word' id='word_1_87' title='bbox 327 1755 458 1842; x_wconf 90' lang='lat' dir='ltr'>ejusque</span> <span class='ocrx_word' id='word_1_88' title='bbox 482 1754 623 1841; x_wconf 86' lang='lat' dir='ltr'>partium</span> <span class='ocrx_word' id='word_1_89' title='bbox 646 1758 715 1823; x_wconf 91' lang='lat' dir='ltr'>tum</span> <span class='ocrx_word' id='word_1_90' title='bbox 739 1754 967 1841; x_wconf 84' lang='lat' dir='ltr'>dispositione,</span> <span class='ocrx_word' id='word_1_91' title='bbox 993 1758 1062 1821; x_wconf 90' lang='lat' dir='ltr'>tum</span> <span class='ocrx_word' id='word_1_92' title='bbox 1082 1752 1212 1840; x_wconf 85' lang='lat' dir='ltr'>figuris,</span> <span class='ocrx_word' id='word_1_93' title='bbox 1248 1785 1253 1794; x_wconf 86' lang='lat'>·</span> 
     </span>
     <span class='ocr_line' id='line_1_13' title="bbox 196 1863 1215 1948; baseline 0 -18"><span class='ocrx_word' id='word_1_94' title='bbox 196 1867 265 1930; x_wconf 89' lang='lat' dir='ltr'>tum</span> <span class='ocrx_word' id='word_1_95' title='bbox 295 1864 449 1931; x_wconf 82' lang='lat' dir='ltr'>interiore</span> <span class='ocrx_word' id='word_1_96' title='bbox 477 1867 652 1931; x_wconf 84' lang='lat' dir='ltr'>structura.</span> <span class='ocrx_word' id='word_1_97' title='bbox 680 1864 833 1941; x_wconf 83' lang='lat' dir='ltr'>Quamvis</span> <span class='ocrx_word' id='word_1_98' title='bbox 860 1863 945 1929; x_wconf 91' lang='lat' dir='ltr'>enim</span> <span class='ocrx_word' id='word_1_99' title='bbox 972 1863 1043 1928; x_wconf 90' lang='lat' dir='ltr'>haec</span> <span class='ocrx_word' id='word_1_100' title='bbox 1071 1863 1215 1948; x_wconf 83' lang='lat' dir='ltr'>corporis</span> 
     </span>
     <span class='ocr_line' id='line_1_14' title="bbox 172 1971 1217 2059; baseline -0.002 -21"><span class='ocrx_word' id='word_1_101' title='bbox 172 2047 180 2058; x_wconf 8' lang='grc' dir='ltr'>ΙΝ</span> <span class='ocrx_word' id='word_1_102' title='bbox 195 1971 310 2040; x_wconf 85' lang='lat' dir='ltr'>forma</span> <span class='ocrx_word' id='word_1_103' title='bbox 323 1977 355 2040; x_wconf 90' lang='lat' dir='ltr'>et</span> <span class='ocrx_word' id='word_1_104' title='bbox 378 1972 567 2059; x_wconf 87' lang='lat' dir='ltr'>compositio</span> <span class='ocrx_word' id='word_1_105' title='bbox 581 1994 693 2040; x_wconf 82' lang='lat' dir='ltr'>veram</span> <span class='ocrx_word' id='word_1_106' title='bbox 716 1973 792 2048; x_wconf 78' lang='lat' dir='ltr'>vitae</span> <span class='ocrx_word' id='word_1_107' title='bbox 817 1972 991 2038; x_wconf 86' lang='lat' dir='ltr'>essentiam</span> <span class='ocrx_word' id='word_1_108' title='bbox 1014 1993 1079 2038; x_wconf 92' lang='lat' dir='ltr'>non</span> <span class='ocrx_word' id='word_1_109' title='bbox 1098 1972 1217 2056; x_wconf 80' lang='lat' dir='ltr'>consti-</span> 
     </span>
     <span class='ocr_line' id='line_1_15' title="bbox 195 2080 1216 2168; baseline -0.003 -19"><span class='ocrx_word' id='word_1_110' title='bbox 195 2086 268 2150; x_wconf 86' lang='lat' dir='ltr'>tuat</span> <span class='ocrx_word' id='word_1_111' title='bbox 283 2085 315 2148; x_wconf 90' lang='lat' dir='ltr'>et</span> <span class='ocrx_word' id='word_1_112' title='bbox 330 2081 364 2148; x_wconf 90' lang='lat' dir='ltr'>in</span> <span class='ocrx_word' id='word_1_113' title='bbox 384 2082 492 2148; x_wconf 81' lang='lat' dir='ltr'>aetatis</span> <span class='ocrx_word' id='word_1_114' title='bbox 508 2103 603 2149; x_wconf 82' lang='lat' dir='ltr'>cursu</span> <span class='ocrx_word' id='word_1_115' title='bbox 620 2103 706 2168; x_wconf 84' lang='lat' dir='ltr'>saepe</span> <span class='ocrx_word' id='word_1_116' title='bbox 729 2084 884 2159; x_wconf 83' lang='lat' dir='ltr'>mutetur,</span> <span class='ocrx_word' id='word_1_117' title='bbox 902 2080 998 2147; x_wconf 88' lang='lat' dir='ltr'>nullis</span> <span class='ocrx_word' id='word_1_118' title='bbox 1018 2083 1128 2148; x_wconf 85' lang='lat' dir='ltr'>tamen</span> <span class='ocrx_word' id='word_1_119' title='bbox 1144 2080 1216 2146; x_wconf 89' lang='lat' dir='ltr'>aliis</span> 
     </span>
     <span class='ocr_line' id='line_1_16' title="bbox 197 2188 1214 2280; baseline -0.002 -24"><span class='ocrx_word' id='word_1_120' title='bbox 197 2189 297 2278; x_wconf 84' lang='lat' dir='ltr'>signis</span> <span class='ocrx_word' id='word_1_121' title='bbox 310 2190 522 2257; x_wconf 86' lang='lat' dir='ltr'>animantium</span> <span class='ocrx_word' id='word_1_122' title='bbox 538 2191 686 2278; x_wconf 82' lang='lat' dir='ltr'>cognatio</span> <span class='ocrx_word' id='word_1_123' title='bbox 697 2189 750 2258; x_wconf 83' lang='lat' dir='ltr'>vel</span> <span class='ocrx_word' id='word_1_124' title='bbox 766 2188 993 2280; x_wconf 83' lang='lat' dir='ltr'>dissimilitudo</span> <span class='ocrx_word' id='word_1_125' title='bbox 1008 2188 1132 2256; x_wconf 86' lang='lat' dir='ltr'>facilius</span> <span class='ocrx_word' id='word_1_126' title='bbox 1145 2209 1214 2255; x_wconf 86' lang='lat' dir='ltr'>cer-</span> 
     </span>
     <span class='ocr_line' id='line_1_17' title="bbox 196 2299 295 2366; baseline 0.02 -2"><span class='ocrx_word' id='word_1_127' title='bbox 196 2299 295 2366; x_wconf 89' lang='lat' dir='ltr'>nitur.</span> 
     </span>
    </p>

    <p class='ocr_par' dir='ltr' id='par_1_6' title="bbox 196 2393 1222 3142">
     <span class='ocr_line' id='line_1_18' title="bbox 242 2393 1216 2490; baseline -0.003 -23"><span class='ocrx_word' id='word_1_128' title='bbox 242 2399 404 2467; x_wconf 86' lang='lat' dir='ltr'>Animalia</span> <span class='ocrx_word' id='word_1_129' title='bbox 418 2421 508 2478; x_wconf 83' lang='lat' dir='ltr'>vere,</span> <span class='ocrx_word' id='word_1_130' title='bbox 524 2400 571 2467; x_wconf 90' lang='lat' dir='ltr'>ait</span> <span class='ocrx_word' id='word_1_131' title='bbox 582 2399 775 2468; x_wconf 85' lang='lat' dir='ltr'>Aristotcles</span> <span class='ocrx_word' id='word_1_132' title='bbox 789 2396 849 2490; x_wconf 84' lang='lat' dir='ltr'>(i),</span> <span class='ocrx_word' id='word_1_133' title='bbox 863 2393 925 2466; x_wconf 63' lang='lat' dir='ltr'>‘aut</span> <span class='ocrx_word' id='word_1_134' title='bbox 940 2399 1054 2486; x_wconf 89' lang='lat' dir='ltr'>iisdem</span> <span class='ocrx_word' id='word_1_135' title='bbox 1070 2398 1216 2485; x_wconf 85' lang='lat' dir='ltr'>partibus</span> 
     </span>
     <span class='ocr_line' id='line_1_19' title="bbox 197 2508 1218 2598; baseline 0 -23"><span class='ocrx_word' id='word_1_136' title='bbox 197 2513 365 2589; x_wconf 88' lang='lat' dir='ltr'>constant,</span> <span class='ocrx_word' id='word_1_137' title='bbox 384 2513 441 2577; x_wconf 87' lang='lat' dir='ltr'>aut</span> <span class='ocrx_word' id='word_1_138' title='bbox 464 2509 611 2577; x_wconf 86' lang='lat' dir='ltr'>diversis.</span> <span class='ocrx_word' id='word_1_139' title='bbox 632 2511 705 2576; x_wconf 90' lang='lat' dir='ltr'>Una</span> <span class='ocrx_word' id='word_1_140' title='bbox 731 2509 836 2596; x_wconf 89' lang='lat' dir='ltr'>specie</span> <span class='ocrx_word' id='word_1_141' title='bbox 856 2508 1063 2598; x_wconf 86' lang='lat' dir='ltr'>continentur</span> <span class='ocrx_word' id='word_1_142' title='bbox 1079 2529 1118 2574; x_wconf 86' lang='lat' dir='ltr'>ea</span> <span class='ocrx_word' id='word_1_143' title='bbox 1141 2529 1218 2593; x_wconf 89' lang='lat' dir='ltr'>quo·</span> 
     </span>
     <span class='ocr_line' id='line_1_20' title="bbox 198 2616 1216 2706; baseline -0.002 -22"><span class='ocrx_word' id='word_1_144' title='bbox 198 2638 272 2684; x_wconf 90' lang='lat' dir='ltr'>rum</span> <span class='ocrx_word' id='word_1_145' title='bbox 292 2621 400 2703; x_wconf 85' lang='lat' dir='ltr'>partes</span> <span class='ocrx_word' id='word_1_146' title='bbox 421 2619 569 2685; x_wconf 87' lang='lat' dir='ltr'>similiter</span> <span class='ocrx_word' id='word_1_147' title='bbox 583 2620 710 2706; x_wconf 87' lang='lat' dir='ltr'>positae,</span> <span class='ocrx_word' id='word_1_148' title='bbox 725 2617 830 2704; x_wconf 85' lang='lat' dir='ltr'>figura</span> <span class='ocrx_word' id='word_1_149' title='bbox 842 2616 950 2693; x_wconf 89' lang='lat' dir='ltr'>simili,</span> <span class='ocrx_word' id='word_1_150' title='bbox 968 2616 1082 2682; x_wconf 88' lang='lat' dir='ltr'>iisdem</span> <span class='ocrx_word' id='word_1_151' title='bbox 1105 2616 1216 2684; x_wconf 90' lang='lat' dir='ltr'>usibus</span> 
     </span>
     <span class='ocr_line' id='line_1_21' title="bbox 199 2724 1222 2812; baseline 0 -22"><span class='ocrx_word' id='word_1_152' title='bbox 199 2725 427 2805; x_wconf 85' lang='lat' dir='ltr'>inservientes,</span> <span class='ocrx_word' id='word_1_153' title='bbox 446 2728 590 2794; x_wconf 88' lang='lat' dir='ltr'>camdem</span> <span class='ocrx_word' id='word_1_154' title='bbox 606 2727 692 2795; x_wconf 90' lang='lat' dir='ltr'>inter</span> <span class='ocrx_word' id='word_1_155' title='bbox 713 2747 748 2792; x_wconf 91' lang='lat' dir='ltr'>sa</span> <span class='ocrx_word' id='word_1_156' title='bbox 768 2724 1009 2812; x_wconf 86' lang='lat' dir='ltr'>proportionem</span> <span class='ocrx_word' id='word_1_157' title='bbox 1025 2724 1222 2810; x_wconf 88' lang='lat' dir='ltr'>easdemque</span> 
     </span>
     <span class='ocr_line' id='line_1_22' title="bbox 199 2831 1216 2919; baseline 0 -19"><span class='ocrx_word' id='word_1_158' title='bbox 199 2833 420 2902; x_wconf 88' lang='lat' dir='ltr'>demensiones</span> <span class='ocrx_word' id='word_1_159' title='bbox 436 2840 577 2903; x_wconf 83' lang='lat' dir='ltr'>servunt.</span> <span class='ocrx_word' id='word_1_160' title='bbox 598 2835 632 2903; x_wconf 87' lang='lat' dir='ltr'>Si</span> <span class='ocrx_word' id='word_1_161' title='bbox 648 2838 755 2901; x_wconf 90' lang='lat' dir='ltr'>autem</span> <span class='ocrx_word' id='word_1_162' title='bbox 770 2833 902 2919; x_wconf 90' lang='lat' dir='ltr'>reliquis</span> <span class='ocrx_word' id='word_1_163' title='bbox 918 2831 1122 2901; x_wconf 85' lang='lat' dir='ltr'>manentibus</span> <span class='ocrx_word' id='word_1_164' title='bbox 1142 2854 1216 2919; x_wconf 90' lang='lat' dir='ltr'>pro·</span> 
     </span>
     <span class='ocr_line' id='line_1_23' title="bbox 196 2942 1216 3030; baseline -0.001 -20"><span class='ocrx_word' id='word_1_165' title='bbox 196 2943 304 3030; x_wconf 84' lang='lat' dir='ltr'>portio</span> <span class='ocrx_word' id='word_1_166' title='bbox 320 2947 446 3011; x_wconf 88' lang='lat' dir='ltr'>tantu-m</span> <span class='ocrx_word' id='word_1_167' title='bbox 460 2949 615 3024; x_wconf 86' lang='lat' dir='ltr'>mutetur,</span> <span class='ocrx_word' id='word_1_168' title='bbox 633 2944 680 3011; x_wconf 90' lang='lat' dir='ltr'>ita</span> <span class='ocrx_word' id='word_1_169' title='bbox 695 2947 731 3012; x_wconf 89' lang='lat' dir='ltr'>ut</span> <span class='ocrx_word' id='word_1_170' title='bbox 747 2943 858 3010; x_wconf 89' lang='lat' dir='ltr'>eadem</span> <span class='ocrx_word' id='word_1_171' title='bbox 871 2943 935 3010; x_wconf 90' lang='lat' dir='ltr'>situ</span> <span class='ocrx_word' id='word_1_172' title='bbox 946 2946 980 3009; x_wconf 89' lang='lat' dir='ltr'>et</span> <span class='ocrx_word' id='word_1_173' title='bbox 995 2964 1055 3010; x_wconf 90' lang='lat' dir='ltr'>usu</span> <span class='ocrx_word' id='word_1_174' title='bbox 1071 2942 1216 3009; x_wconf 78' lang='lat' dir='ltr'>membra</span> 
     </span>
     <span class='ocr_line' id='line_1_24' title="bbox 197 3051 1216 3142; baseline -0.001 -23"><span class='ocrx_word' id='word_1_175' title='bbox 197 3053 419 3140; x_wconf 86' lang='lat' dir='ltr'>magnitudine</span> <span class='ocrx_word' id='word_1_176' title='bbox 436 3059 493 3121; x_wconf 89' lang='lat' dir='ltr'>aut</span> <span class='ocrx_word' id='word_1_177' title='bbox 504 3053 665 3140; x_wconf 84' lang='lat' dir='ltr'>parvitate</span> <span class='ocrx_word' id='word_1_178' title='bbox 679 3053 728 3120; x_wconf 86' lang='lat' dir='ltr'>vel</span> <span class='ocrx_word' id='word_1_179' title='bbox 747 3052 935 3142; x_wconf 90' lang='lat' dir='ltr'>quibusdam</span> <span class='ocrx_word' id='word_1_180' title='bbox 959 3051 1029 3119; x_wconf 88' lang='lat' dir='ltr'>aliis</span> <span class='ocrx_word' id='word_1_181' title='bbox 1045 3052 1216 3119; x_wconf 86' lang='lat' dir='ltr'>exterioris</span> 
     </span>
    </p>

    <p class='ocr_par' dir='ltr' id='par_1_7' title="bbox 139 3143 1222 3682">
     <span class='ocr_line' id='line_1_25' title="bbox 139 3143 1213 3258; baseline 0 -32"><span class='ocrx_word' id='word_1_182' title='bbox 139 3187 140 3192; x_wconf 43' lang='lat'>¹</span> <span class='ocrx_word' id='word_1_183' title='bbox 197 3160 291 3227; x_wconf 86' lang='lat' dir='ltr'>faciei</span> <span class='ocrx_word' id='word_1_184' title='bbox 304 3161 471 3228; x_wconf 88' lang='lat' dir='ltr'>elementis</span> <span class='ocrx_word' id='word_1_185' title='bbox 483 3161 678 3248; x_wconf 86' lang='lat' dir='ltr'>discrepent,</span> <span class='ocrx_word' id='word_1_186' title='bbox 693 3161 831 3258; x_wconf 87' lang='lat' dir='ltr'>diversae</span> <span class='ocrx_word' id='word_1_187' title='bbox 843 3143 1063 3248; x_wconf 78' lang='lat' dir='ltr'>agnoscdntur</span> <span class='ocrx_word' id='word_1_188' title='bbox 1077 3161 1213 3247; x_wconf 90' lang='lat' dir='ltr'>species,</span> 
     </span>
     <span class='ocr_line' id='line_1_26' title="bbox 198 3261 1216 3359; baseline -0.001 -23"><span class='ocrx_word' id='word_1_189' title='bbox 198 3268 254 3336; x_wconf 90' lang='lat' dir='ltr'>sed</span> <span class='ocrx_word' id='word_1_190' title='bbox 269 3269 303 3336; x_wconf 92' lang='lat' dir='ltr'>in</span> <span class='ocrx_word' id='word_1_191' title='bbox 316 3270 428 3336; x_wconf 89' lang='lat' dir='ltr'>eodem</span> <span class='ocrx_word' id='word_1_192' title='bbox 444 3291 562 3357; x_wconf 84' lang='lat' dir='ltr'>genere</span> <span class='ocrx_word' id='word_1_193' title='bbox 578 3269 758 3359; x_wconf 89' lang='lat' dir='ltr'>conjunctae</span> <span class='ocrx_word' id='word_1_194' title='bbox 777 3297 784 3336; x_wconf 92' lang='lat'><strong>:</strong></span> <span class='ocrx_word' id='word_1_195' title='bbox 804 3273 840 3338; x_wconf 92' lang='lat' dir='ltr'>ut</span> <span class='ocrx_word' id='word_1_196' title='bbox 851 3270 999 3356; x_wconf 89' lang='lat' dir='ltr'>plurimae</span> <span class='ocrx_word' id='word_1_197' title='bbox 1015 3273 1092 3336; x_wconf 90' lang='lat' dir='ltr'>sunt</span> <span class='ocrx_word' id='word_1_198' title='bbox 1107 3261 1216 3337; x_wconf 83' lang='lat' dir='ltr'>aviuin</span> 
     </span>
     <span class='ocr_line' id='line_1_27' title="bbox 199 3377 1222 3467; baseline -0.001 -23"><span class='ocrx_word' id='word_1_199' title='bbox 199 3381 232 3444; x_wconf 88' lang='lat' dir='ltr'>et</span> <span class='ocrx_word' id='word_1_200' title='bbox 250 3378 386 3464; x_wconf 89' lang='lat' dir='ltr'>piscium</span> <span class='ocrx_word' id='word_1_201' title='bbox 410 3378 552 3465; x_wconf 90' lang='lat' dir='ltr'>species,</span> <span class='ocrx_word' id='word_1_202' title='bbox 576 3399 711 3464; x_wconf 88' lang='lat' dir='ltr'>quarum</span> <span class='ocrx_word' id='word_1_203' title='bbox 735 3382 845 3445; x_wconf 86' lang='lat' dir='ltr'>taman</span> <span class='ocrx_word' id='word_1_204' title='bbox 865 3379 1088 3467; x_wconf 82' lang='lat' dir='ltr'>cognationem</span> <span class='ocrx_word' id='word_1_205' title='bbox 1111 3377 1222 3464; x_wconf 82' lang='lat' dir='ltr'>primo¹</span> 
     </span>
     <span class='ocr_line' id='line_1_28' title="bbox 198 3479 1214 3574; baseline 0 -23"><span class='ocrx_word' id='word_1_206' title='bbox 198 3485 351 3573; x_wconf 85' lang='lat' dir='ltr'>adspectu</span> <span class='ocrx_word' id='word_1_207' title='bbox 375 3487 483 3572; x_wconf 89' lang='lat' dir='ltr'>quivis</span> <span class='ocrx_word' id='word_1_208' title='bbox 502 3487 606 3554; x_wconf 87' lang='lat' dir='ltr'>cernit</span> <span class='ocrx_word' id='word_1_209' title='bbox 629 3514 636 3554; x_wconf 76' lang='grc' dir='ltr'>ε</span> <span class='ocrx_word' id='word_1_210' title='bbox 667 3487 812 3573; x_wconf 87' lang='lat' dir='ltr'>quamvis</span> <span class='ocrx_word' id='word_1_211' title='bbox 835 3487 919 3554; x_wconf 90' lang='lat' dir='ltr'>enim</span> <span class='ocrx_word' id='word_1_212' title='bbox 941 3479 1063 3574; x_wconf 85' lang='lat' dir='ltr'>figura,</span> <span class='ocrx_word' id='word_1_213' title='bbox 1089 3485 1214 3564; x_wconf 87' lang='lat' dir='ltr'>colore,</span> 
     </span>
     <span class='ocr_line' id='line_1_29' title="bbox 199 3595 1220 3682; baseline -0.001 -22"><span class='ocrx_word' id='word_1_214' title='bbox 199 3597 337 3674; x_wconf 85' lang='lat' dir='ltr'>statura,</span> <span class='ocrx_word' id='word_1_215' title='bbox 355 3595 580 3682; x_wconf 84' lang='lat' dir='ltr'>interdumque</span> <span class='ocrx_word' id='word_1_216' title='bbox 595 3595 917 3681; x_wconf 84' lang='lat' dir='ltr'>etiam-quorumdam</span> <span class='ocrx_word' id='word_1_217' title='bbox 928 3595 1220 3661; x_wconf 89' lang='lat' dir='ltr'>instrumentorum·</span> 
     </span>
    </p>
   </div>
   <div class='ocr_carea' id='block_1_6' title="bbox 26 3701 1216 3790">
    <p class='ocr_par' dir='ltr' id='par_1_8' title="bbox 26 3701 1216 3790">
     <span class='ocr_line' id='line_1_30' title="bbox 26 3701 1216 3790; baseline 0.002 -23"><span class='ocrx_word' id='word_1_218' title='bbox 26 3745 30 3752; x_wconf 86' lang='lat'><em>.</em></span> <span class='ocrx_word' id='word_1_219' title='bbox 74 3737 104 3760; x_wconf 88' lang='lat'>·.</span> <span class='ocrx_word' id='word_1_220' title='bbox 198 3703 374 3790; x_wconf 86' lang='lat' dir='ltr'>praesentia</span> <span class='ocrx_word' id='word_1_221' title='bbox 389 3704 441 3770; x_wconf 89' lang='lat' dir='ltr'>vel</span> <span class='ocrx_word' id='word_1_222' title='bbox 465 3703 612 3772; x_wconf 87' lang='lat' dir='ltr'>absentia</span> <span class='ocrx_word' id='word_1_223' title='bbox 631 3702 718 3771; x_wconf 88' lang='lat' dir='ltr'>inter</span> <span class='ocrx_word' id='word_1_224' title='bbox 740 3703 963 3782; x_wconf 83' lang='lat' dir='ltr'>sedifferunt,</span> <span class='ocrx_word' id='word_1_225' title='bbox 987 3701 1150 3790; x_wconf 81' lang='lat' dir='ltr'>praecipua</span> <span class='ocrx_word' id='word_1_226' title='bbox 1165 3705 1216 3769; x_wconf 84' lang='lat' dir='ltr'>ta·</span> 
     </span>
    </p>
   </div>
   <div class='ocr_carea' id='block_1_7' title="bbox 197 3794 1217 4009">
    <p class='ocr_par' dir='ltr' id='par_1_9' title="bbox 197 3794 1217 4009">
     <span class='ocr_line' id='line_1_31' title="bbox 197 3794 1215 3898; baseline 0 -20"><span class='ocrx_word' id='word_1_227' title='bbox 197 3831 273 3878; x_wconf 89' lang='lat' dir='ltr'>men</span> <span class='ocrx_word' id='word_1_228' title='bbox 288 3794 433 3879; x_wconf 81' lang='lat' dir='ltr'>membra</span> <span class='ocrx_word' id='word_1_229' title='bbox 455 3813 490 3880; x_wconf 90' lang='lat' dir='ltr'>in</span> <span class='ocrx_word' id='word_1_230' title='bbox 509 3813 656 3881; x_wconf 90' lang='lat' dir='ltr'>omnibus</span> <span class='ocrx_word' id='word_1_231' title='bbox 672 3816 844 3880; x_wconf 83' lang='lat' dir='ltr'>servantur</span> <span class='ocrx_word' id='word_1_232' title='bbox 861 3817 895 3880; x_wconf 85' lang='lat' dir='ltr'>et</span> <span class='ocrx_word' id='word_1_233' title='bbox 908 3817 979 3880; x_wconf 84' lang='lat' dir='ltr'>tota</span> <span class='ocrx_word' id='word_1_234' title='bbox 998 3795 1142 3898; x_wconf 79' lang='lat' dir='ltr'>corporis</span> <span class='ocrx_word' id='word_1_235' title='bbox 1160 3809 1215 3878; x_wconf 91' lang='lat' dir='ltr'>de-</span> 
     </span>
     <span class='ocr_line' id='line_1_32' title="bbox 200 3918 1217 4009; baseline 0.004 -25"><span class='ocrx_word' id='word_1_236' title='bbox 200 3920 330 4007; x_wconf 87' lang='lat' dir='ltr'>scriptio</span> <span class='ocrx_word' id='word_1_237' title='bbox 360 3921 474 3988; x_wconf 91' lang='lat' dir='ltr'>similis</span> <span class='ocrx_word' id='word_1_238' title='bbox 503 3925 623 3989; x_wconf 89' lang='lat' dir='ltr'>manet.</span> <span class='ocrx_word' id='word_1_239' title='bbox 659 3922 698 3990; x_wconf 92' lang='lat' dir='ltr'>In</span> <span class='ocrx_word' id='word_1_240' title='bbox 724 3921 913 4008; x_wconf 88' lang='lat' dir='ltr'>quibusdam</span> <span class='ocrx_word' id='word_1_241' title='bbox 939 3940 1016 3988; x_wconf 87' lang='lat' dir='ltr'>vero</span> <span class='ocrx_word' id='word_1_242' title='bbox 1047 3918 1217 4009; x_wconf 84' lang='lat' dir='ltr'>generibus</span> 
     </span>
    </p>
   </div>
   <div class='ocr_carea' id='block_1_8' title="bbox 191 4145 693 4226">
    <p class='ocr_par' dir='ltr' id='par_1_10' title="bbox 191 4145 693 4226">
     <span class='ocr_line' id='line_1_33' title="bbox 191 4145 693 4226; baseline -0.03 -4"><span class='ocrx_word' id='word_1_243' title='bbox 191 4145 589 4226; x_wconf 62' lang='lat' dir='ltr'>summasunmna.</span> <span class='ocrx_word' id='word_1_244' title='bbox 691 4213 693 4223; x_wconf 57' lang='grc'><strong>,</strong></span> 
     </span>
    </p>
   </div>
   <div class='ocr_carea' id='block_1_9' title="bbox 0 0 1578 4938">
    <p class='ocr_par' dir='ltr' id='par_1_11' title="bbox 0 0 1578 4938">
     <span class='ocr_line' id='line_1_34' title="bbox 0 0 1578 4938; baseline 0 0"><span class='ocrx_word' id='word_1_245' title='bbox 0 0 1578 4938; x_wconf 95' lang='lat' dir='ltr'> </span> 
     </span>
    </p>
   </div>
  </div>
 </body>
</html>
