3106 4932
755 513 800 530 ..
823 477 935 548 72...

1314 577 1328 610 0

381 621 423 689 V.
445 619 686 709 Pleraeque,'ex
702 622 742 689 iis
758 643 836 708 quas
852 623 1024 702 cernimus,
1046 621 1219 692 structurae
1235 623 1352 692 durare

335 733 479 820 possent,
499 730 596 798 etiam
612 731 639 798 si
655 732 761 798 nunus
777 737 886 800 essent
902 753 942 799 ex
958 733 1105 804 omnibus
1120 723 1267 819 partibus
1283 755 1353 820 per·

335 841 439 908 fectae.
465 839 770 916 Quemadmodum
790 841 936 910 homines
954 842 1009 908 alii
1030 842 1065 910 iu
1085 842 1225 909 omnium
1244 828 1352 910 rerum

337 949 438 1036 copia,
458 949 513 1015 alii
528 949 562 1018 in
578 955 770 1036 paupertate
785 955 881 1037 atque
897 951 1007 1038 inopia
1021 951 1121 1018 vitam
1136 952 1289 1030 tolerant,
1307 952 1352 1018 sio

336 1047 435 1125 etiarn
456 1058 570 1125 bestiae
585 1059 744 1135 viverent,
765 1059 908 1146 quamvis
927 1060 1032 1126 minus
1050 1059 1166 1126 habilis
1182 1066 1216 1128 et
1239 1061 1354 1128 decora

336 1167 452 1235 fuisset
477 1188 589 1234 aarum
614 1167 730 1248 forma,
757 1169 901 1255 quamvis
929 1169 1146 1236 membrorum
1176 1170 1354 1256 aliquorum

338 1297 498 1343 mensurae
514 1281 663 1344 nontam
683 1283 758 1363 apte
777 1279 864 1344 inter
884 1298 918 1343 se
935 1277 1145 1344 convenirent
1165 1282 1198 1344 et
1218 1279 1259 1345 ad
1281 1299 1354 1365 pro·

337 1385 442 1472 prium
462 1385 539 1452 vitae
559 1405 672 1473 genus,
691 1385 733 1452 ad
752 1386 931 1472 peculiares
951 1407 1028 1452 usus
1044 1389 1192 1453 nontam
1214 1385 1354 1472 singula-

263 1558 264 1562 ,
337 1493 418 1561 riter
427 1498 536 1562 essent
544 1493 888 1562 accommodatae.Non
900 1492 1102 1562 omniaenim
1115 1495 1156 1561 ad
1167 1496 1268 1562 vitam
1280 1517 1354 1562 oon·

339 1602 531 1669 servandam
551 1623 642 1689 eaque
661 1603 846 1670 necessaria
868 1607 967 1680 suut;
987 1608 1062 1672 sunt
1078 1625 1148 1690 quae
1165 1604 1206 1670 ad
1221 1625 1357 1672 commo-

339 1711 468 1789 ditates,
488 1716 563 1780 sunt
579 1733 650 1798 quae
666 1712 707 1778 ad
722 1713 878 1800 majorem
895 1713 1101 1804 securitatem
1117 1718 1150 1780 et
1168 1713 1357 1780 validiorem

339 1819 567 1898 defensionem,
592 1823 668 1888 sunt
687 1841 758 1907 quae
778 1821 820 1886 ad
843 1823 992 1887 ornatum
1015 1823 1142 1887 tantum
1169 1821 1355 1906 pertinent;

339 1949 439 2014 eaque
452 1949 538 2015 saepe
554 1929 588 1995 in
605 1928 770 2015 speciebus
786 1928 900 1996 vicinis
917 1929 1045 2006 desunt,
1065 1929 1178 2014 quibus
1193 1950 1264 1996 *non
1280 1929 1357 1998 fuis·

340 2042 413 2106 sent
439 2037 544 2104 minus
568 2037 672 2115 utilia,
700 2039 757 2104 sed
781 2036 923 2124 profecto
948 2059 1020 2104 cum
1044 2038 1197 2104 universa
1222 2037 1358 2106 istarum

340 2147 519 2232 specierum
549 2149 668 2213 natura
698 2148 731 2211 et
762 2145 968 2234 generatione
995 2166 1060 2213 non
1098 2146 1317 2234 congruebant
1346 2173 1355 2213 ε

340 2255 412 2324 istae
438 2257 548 2322 tamen
580 2253 648 2320 siue
680 2275 790 2320 eorum
820 2255 1106 2323 instrumentorum
1134 2277 1193 2342 ope
1221 2258 1360 2322 servatae

259 2385 261 2389 ·
341 2367 427 2432 sunt.
446 2362 673 2444 Animantibus
689 2362 789 2450 igitur
804 2383 869 2430 uon
886 2363 989 2430 solum
1004 2367 1122 2430 natura
1137 2363 1225 2430 dedit
1241 2364 1359 2430 casine

333 2473 455 2561 quibus
472 2474 583 2540 uivere
599 2472 781 2558 nequirent,
801 2472 857 2538 sed
873 2493 998 2558 eaquae
1017 2472 1058 2538 ad
1072 2471 1153 2539 bene
1173 2472 1355 2548 vivendum,

341 2583 385 2650 ad
409 2576 620 2668 uoluptatem,
650 2581 692 2648 ad
714 2586 929 2659 venustatem,
958 2581 999 2646 ad
1029 2581 1146 2668 agendi
1169 2581 1360 2649 varietatem

342 2689 521 2758 conferunt.
558 2691 627 2765 Quo
658 2690 840 2756 accuratius
871 2689 1025 2776 cujusque
1059 2689 1176 2775 speciei
1206 2687 1360 2756 fabricam

343 2800 507 2886 inspicias,
531 2819 569 2864 eo
596 2797 715 2866 certius
738 2798 914 2884 comperies
942 2797 1088 2883 quodque
1111 2797 1359 2867 instrumentum

343 2928 409 2975 non
424 2910 550 3002 tantum
572 2906 718 2973 adhunc
738 2911 860 2974 statum
880 2907 1052 2977 adductum
1070 2925 1140 2972 esse
1161 2909 1199 2972 ut
1216 2927 1273 2972 suo
1294 2927 1362 2972 mu·

343 3017 415 3084 neri
434 3015 607 3092 sufficeret,
634 3015 691 3080 sed
718 3016 871 3101 optimam
902 3014 1266 3100 praestantissimamque
1297 3015 1360 3082 for-

342 3146 440 3202 mam,
466 3144 537 3210 quae
552 3122 587 3189 in
610 3122 661 3188 his
676 3122 911 3190 conditionibus
928 3121 1009 3188 effici
1029 3127 1150 3209 posset,
1170 3123 1358 3208 accepisse:

344 3233 392 3300 ita
406 3235 443 3298 ut
458 3230 597 3319 cujusvis
611 3231 730 3296 ossium
746 3233 802 3297 aut
817 3230 1033 3298 musculorum
1048 3230 1275 3318 figuralocus,
1293 3243 1361 3297 ma-

290 3345 292 3349 ’
345 3340 479 3431 gnitudo
509 3337 642 3405 minima
663 3361 703 3406 ex
718 3341 811 3425 parte
826 3339 989 3406 immutari
1005 3359 1069 3406 non
1085 3339 1198 3425 possit,
1215 3338 1290 3424 quin
1306 3339 1363 3406 ali·

345 3450 421 3536 quid
436 3447 656 3516 detrahature
671 3447 772 3516 totius
788 3447 931 3532 corporis
947 3447 1141 3534 perfectione
1158 3450 1191 3513 et
1220 3447 1361 3534 pulchri-

344 3559 467 3626 tudine.

390 3666 479 3735 Nihil
494 3668 656 3754 praeterea
669 3664 727 3733 ulli
740 3651 899 3735 ¹animanti
914 3669 1032 3733 natura
1048 3663 1136 3732 dedit
1151 3664 1236 3751 quod
1251 3685 1362 3752 super·

344 3795 521 3843 vacaneum
530 3778 615 3842 esset
627 3801 635 3853 ;
647 3773 674 3841 si
687 3775 762 3875 quid
776 3775 888 3842 inutile
900 3775 1039 3852 videtur,
1051 3779 1107 3842 aut
1119 3795 1161 3840 ex
1172 3773 1364 3842 necessitate

346 3884 502 3961 materiae,
527 3887 584 3950 aut
603 3905 644 3952 ex
659 3884 783 3955 altioris
808 3883 999 3970 exemplaris
1024 3883 1239 3970 descriptione
1267 3886 1362 3968 abque

344 3993 416 4062 ideo
432 4013 453 4059 a
467 3995 658 4062 caeterarum
674 3993 817 4082 ejusdem
844 3993 971 4080 generis
999 3991 1177 4080 specierum
1194 3990 1362 4078 perfectio-

344 4123 387 4170 ne
413 4100 526 4172 oritur.
543 4098 636 4202 Sqepe
651 4101 749 4170 etiem
772 4101 813 4168 iis
829 4121 899 4187 quae
915 4122 956 4168 ex
978 4101 1105 4170 utilium
1131 4100 1363 4168 elementorum
