3134 4938
761 498 941 568 ..24.„

340 664 412 712 esse
437 643 533 720 dicit,
559 663 631 729 quae
651 642 778 728 quidem
804 643 1021 710 recentiorum
1048 631 1190 712 Medusis
1215 647 1248 712 et
1270 644 1357 714 Aeti-
1398 674 1403 682 ¹

340 751 402 819 niis
417 750 612 840 respondere
630 744 781 819 videntur
796 749 863 841 (1);
882 750 1050 838 spongiam
1070 749 1205 837 denique
1228 752 1357 820 omnino

340 860 460 948 plantae
483 860 589 928 locum
603 864 715 926 tenere
737 857 797 950 (2).
816 861 878 926 Illa
898 863 932 926 et
949 880 1155 946 quaecumque
1177 861 1357 950 hujusmodi

340 973 427 1046 sunt,
442 969 500 1048 ait,
520 974 582 1044 ζῶα
595 971 704 1058 porra&
716 969 790 1056 jure
811 968 1053 1055 appellarentur
1072 966 1132 1059 (3)1.
1156 972 1270 1056 ltaque
1293 991 1357 1038 non

339 1077 462 1164 primus
479 1076 676 1146 Leibuitzius
700 1077 881 1163 suspicatus
898 1080 947 1142 est
962 1075 1031 1143 iore
1048 1081 1083 1144 ut
1099 1077 1245 1163 quaedam
1265 1099 1357 1164 repe·

339 1185 482 1253 nirentur
493 1185 637 1252 viventia
651 1207 723 1272 quae
739 1185 833 1252 simul
846 1191 879 1253 et
890 1185 1011 1272 plantae
1023 1190 1056 1252 et
1067 1185 1219 1254 animalia
1233 1185 1354 1264 lorent3

339 1314 405 1361 non
431 1294 554 1380 primus
585 1295 767 1382 Trembley‚
794 1314 891 1380 quum
915 1294 1101 1362 clarissimis
1129 1295 1357 1382 experimentis

339 1401 523 1490 ambiguam
538 1403 621 1470 haue
645 1406 794 1478 naturam
815 1400 1006 1480 illustraret,
1025 1403 1190 1491 Zoophyta
1214 1402 1354 1481 detexit:

339 1511 396 1577 sed
410 1510 580 1578 Aristoteli
592 1510 761 1588 referenda
777 1515 826 1577 est
842 1515 875 1576 et
890 1508 938 1576 rei
954 1514 987 1576 et
1002 1510 1139 1576 nominis
1155 1510 1310 1578 inventio.

383 1618 490 1705 sitque
506 1619 634 1686 omnino
645 1619 715 1706 jam
736 1623 826 1706 patet
848 1619 1006 1686 naturalis
1029 1618 1214 1686 animalium
1237 1619 1357 1688 ordinis

339 1747 496 1794 summam
513 1727 628 1795 saltem
650 1733 684 1796 et
699 1728 882 1816 generalem
910 1727 1156 1814 descriptionem
1177 1728 1207 1795 ei
1222 1728 1331 1796 deberi
1346 1757 1354 1808 ;

337 1856 423 1902 nuno
440 1835 605 1905 videamus
621 1836 778 1923 quomodo
797 1835 882 1904 illius
904 1835 1024 1902 ordinis
1045 1835 1133 1922 leges
1149 1839 1183 1904 et
1200 1836 1356 1924 principia

289 2009 296 2014 .
338 1942 527 2013 inst'tuerit.
962 1949 964 1959 '

373 2165 407 2235 tlt
426 2167 460 2222 El
474 2163 595 2238 quidem
616 2179 710 2238 nuper
730 2169 918 2238 compertum
935 2170 981 2223 est
1004 2161 1149 2240 quasdam
1172 2163 1306 2227 uedusas
1319 2179 1355 2224 ex

337 2251 531 2312 immobilium
556 2261 712 2328 parentum
734 2251 865 2312 sectione
888 2251 1126 2328 generationibus
1150 2251 1268 2314 alternis
1285 2253 1354 2314 oriri

246 2361 248 2366 ·
337 2341 505 2417 liberasque
519 2343 655 2402 evadare.
677 2396 680 2407 n

374 2451 408 2517 tut
428 2447 500 2508 illst.
519 2447 621 2523 anim„
635 2451 707 2523 vill,
721 2452 751 2507 l.

374 2550 408 2615 tat
428 2551 469 2606 De
481 2554 555 2624 part.
572 2546 775 2621 anim.,1v,5.
843 2553 846 2558 '
