3134 4938
574 585 618 596 ...
641 543 754 615 211-

155 691 363 782 philosaphus
390 692 550 780 appellat,
568 649 713 778 ¹quarum
733 691 806 758 aliae
833 656 1073 779 quadrupedes
1100 694 1173 762 aliae
1221 779 1224 792 Ι

154 802 287 890 pedibus
300 807 412 869 carent
425 799 483 892 (1)·.
499 801 641 876 Quarum
658 799 786 867 diversa
801 821 922 887 genera
937 821 1023 887 saepe
1035 802 1170 880 confert,

46 957 52 968 ·
155 931 327 997 eorumque
359 907 585 997 'cognationem
621 909 741 996 optimc
772 911 943 977 monstrat.
980 911 1173 1010 Interiorem

155 1021 240 1086 enim
252 1027 310 1084 τῶν
326 1019 454 1106 ἐναίμων
472 1022 669 1085 structuram
686 1017 880 1095 describens,
896 1017 1050 1085 testudini
1066 1039 1174 1086 croco·

154 1127 254 1195 dilnm
266 1131 298 1194 et
313 1127 453 1206 lacertos
464 1120 579 1214 jungit
589 1124 653 1216 (2);
672 1125 766 1202 alias,
787 1147 883 1212 quum
899 1126 1033 1193 deunce
1049 1129 1171 1196 anima-

69 1279 70 1282 =
154 1238 232 1304 lium
249 1239 381 1314 tractat,
402 1237 581 1321 serpentes,
600 1235 795 1301 testudinem
812 1237 845 1300 et
863 1255 962 1300 ranas
977 1235 1072 1302 simul
1094 1257 1171 1306 enu-
1293 1225 1299 1234 ⁰

154 1348 258 1412 morat
271 1342 337 1435 (3);
356 1342 419 1410 alio
434 1344 532 1410 etiam
547 1343 581 1409 in
600 1343 670 1410 loco
696 1343 944 1410 chamaeleonem
964 1331 1111 1413 omnibus
1132 1357 1173 1414 ex

153 1455 305 1541 partibus
333 1453 486 1520 describit
509 1453 694 1538 lacertoque
721 1452 903 1538 proximum
934 1452 1076 1538 ostendit
1105 1451 1170 1546 (4);
1236 1483 1238 1492 a

154 1564 271 1650 saepius
299 1563 438 1630 lacertos
466 1566 695 1648 serpentesque
709 1561 805 1627 inter
832 1581 866 1626 se
893 1561 1031 1627 maxima
1052 1563 1172 1630 similes

152 1671 336 1759 profitetur,
351 1671 398 1738 ita
414 1671 554 1738 utnulla
569 1669 636 1736 fere
648 1670 735 1736 inter
749 1675 902 1756 utrosque
919 1673 1065 1736 maneret
1080 1671 1171 1738 diffe-

144 1781 270 1859 rentia,
286 1780 396 1866 siquis
412 1777 614 1866 serpentibus
638 1775 871 1870 longitudinem
891 1765 1012 1846 addens
1030 1779 1172 1850 auferret

153 1891 261 1977 pedes.
281 1890 417 1976 Utrique
445 1888 530 1956 enim
553 1889 704 1977 ejusdem
720 1887 848 1978 generis
871 1907 1003 1974 squama
1022 1889 1167 1996 obducti,
1261 1893 1266 1903 ‘

150 2019 254 2086 prona
277 1999 453 2085 supinaque
477 1997 558 2064 facie
573 2001 618 2064 et
634 1997 825 2063 interiorum
841 1997 986 2082 'partium
1013 1997 1170 2085 composi·

150 2107 238 2174 tione
254 2107 383 2175 omnino
396 2106 601 2184 conveniunt,
613 2101 676 2172 nisi
692 2107 776 2192 qn'od
791 2107 825 2172 in
840 2106 992 2193 anguium
1004 2107 1169 2196 praelongo

150 2219 351 2303 angustoque
363 2235 497 2302 corpore
512 2215 560 2282 ita
574 2201 750 2300 incretum
772 2215 898 2282 viscera
919 2216 1166 2302 protrahuntur,

150 2325 188 2392 ut
199 2343 309 2390 eorum
324 2323 420 2411 plane
436 2327 579 2390 mutetur
602 2321 707 2410 figura
726 2343 899 2410 ueramque
915 2327 1067 2390 naturam
1086 2323 1167 2390 diffi-

151 2432 211 2498 cile
227 2453 401 2519 agnoscere
413 2433 509 2498 liceat
525 2428 585 2522 (5).

195 2541 311 2608 Avium
335 2541 462 2627 quidem
483 2542 631 2628 plurimae
654 2525 730 2608 sunt
753 2541 887 2626 speclea,
915 2561 986 2625 quae
1013 2541 1167 2626 adspectu

151 2647 287 2714 multum
308 2650 393 2716 inter
416 2671 451 2716 se
471 2648 624 2716 differunt
641 2675 650 2727 ;
669 2649 726 2715 sed
748 2651 816 2714 tam
840 2647 953 2714 similis
973 2651 1024 2714 est
1041 2647 1108 2714 fere
1133 2651 1167 2716 in

152 2755 275 2823 cunctis
295 2757 434 2823 omnium
452 2758 593 2844 partium
617 2741 817 2843 compositio,
832 2759 879 2832 ,ut
901 2755 1037 2822 arduum
1053 2757 1096 2824 sit
1111 2777 1166 2824 eas

148 2863 183 2930 in
198 2885 318 2952 genera
334 2863 484 2933 dividere.
505 2865 596 2942 Quod
611 2886 676 2932 non
691 2865 831 2933 tentavit
846 2865 1060 2943 Aristoteles:
1080 2869 1165 2932 atta·
1181 2909 1184 2932 1

146 2993 220 3040 men
235 2972 364 3040 illarum
380 2974 530 3061 partium,
550 2979 586 3041 ut
601 2973 711 3052 rostri,
731 2973 816 3050 colli,
835 2974 953 3060 pedum
977 2956 1164 3060 alarumque

145 3081 368 3149 demensiones
384 3069 417 3149 et
432 3080 551 3150 formas
573 3082 670 3149 certis
686 3083 969 3170 constantibnsque
992 3085 1163 3151 connexio·

142 3190 238 3257 nibus
262 3191 332 3278 regi
351 3190 555 3268 monstrauit,
576 3195 608 3257 et
631 3191 682 3256 his
706 3211 793 3278 saepe
816 3191 921 3258 utitur
943 3194 981 3258 ut
1003 3191 1164 3260 universae

143 3298 356 3366 animantium
383 3298 622 3386 compositionis
650 3319 764 3366 causas
786 3303 819 3368 et
839 3308 979 3367 summas
994 3301 1083 3389 leges
1099 3319 1163 3387 ‘pa-

142 3406 286 3474 tefaciat.
362 3450 365 3460 =
795 3415 799 3421 '
1134 3470 1137 3476 .

188 3515 295 3602 Major
310 3515 406 3582 etiam
417 3516 451 3582 in
463 3513 603 3602 piscibus
615 3515 790 3587 formarum
799 3535 951 3584 numerus
963 3519 998 3583 et
1007 3517 1159 3595 varietas,
1277 3517 1280 3526 “

180 3744 214 3815 (l)
234 3747 274 3802 De
288 3746 362 3816 part.
378 3741 467 3803 anim.
485 3745 593 3828 111,11.

176 3854 211 3925 (nt
232 3848 304 3908 Hist.
324 3849 473 3923 onim.‚ll‚
489 3853 533 3908 13.

177 3959 212 4026 131
230 3956 302 4016 Hist.
313 3954 416 4030 anim,
431 3959 477 4030 lv,
491 3929 535 4014 9s

178 4067 214 4132 111
233 4061 304 4121 litat.
316 4059 406 4121 anim.
423 4064 458 4134 11,
471 4066 515 4121 11.

177 4170 213 4238 151
233 4167 305 4228 Hist.
321 4167 412 4227 anim.
429 4171 525 4242 11,13.
