3134 4938
749 579 794 592 ...
816 543 860 610 28
883 579 928 592 ..

330 685 386 780 sed
402 686 527 754 occulta
542 685 687 753 latebant
706 713 712 752 :
732 685 855 754 nullum
878 687 963 754 enim
979 687 1229 757 instrumentum
1240 691 1273 757 in
1285 691 1346 758 hac

329 793 473 881 corporis
494 793 616 861 fabrica
636 798 670 861 et
690 795 724 861 in
744 796 805 862 hoc
827 815 945 882 genere
960 794 1090 864 uiuendi
1105 799 1185 866 utile
1200 799 1363 885 praebere'

327 906 489 989 poterant,
503 902 638 988 ideoque
655 903 833 971 rationibus
854 905 961 971 avium
977 911 1102 974 naturae
1116 909 1259 994 propriis
1272 929 1346 995 pro·

327 1011 520 1080 bibebantur
536 1012 612 1100 quin
630 1010 796 1079 effectibus
815 1013 1043 1100 apparentibus
1057 1036 1127 1082 sese
1143 1017 1342 1102 proderent:

329 1121 480 1200 manebat
493 1125 603 1188 tamen
625 1121 771 1209 ingenita
790 1122 936 1189 omnibus
951 1123 1146 1190 vertebratis
1165 1123 1214 1200 vis
1227 1146 1283 1191 seu
1296 1125 1344 1191 in-

244 1301 245 1306 ,
329 1229 429 1310 doles,
449 1251 531 1317 quae,
550 1231 683 1320 remotis
703 1230 755 1296 his
776 1231 893 1308 causis,
919 1227 1051 1300 effectus
1076 1232 1117 1298 ad
1133 1252 1211 1319 quos
1233 1233 1344 1300 tende·

328 1339 384 1405 bat
396 1339 506 1406 edidit.
521 1339 570 1406 Ac
584 1359 698 1406 rursus
711 1340 857 1425 quaedam
870 1345 945 1408 sunt
956 1341 1105 1407 inanium
1118 1341 1342 1428 descriptione,

328 1451 365 1514 ut
379 1447 435 1514 illa
449 1439 576 1514 humeri
591 1469 665 1515 ossa
680 1448 805 1515 alarum
820 1448 929 1515 robori
951 1451 1111 1537 praecipue
1135 1451 1239 1529 utilia,
1260 1470 1342 1537 quae,

328 1554 361 1621 in
376 1555 545 1642 reptilibus
565 1557 750 1643 praesentia,
769 1557 803 1622 in
818 1557 996 1624 hominen
1011 1558 1171 1645 plerisque
1190 1579 1345 1626 mamma·
1415 1633 1416 1638 ἵ

328 1663 410 1730 libus
431 1663 557 1742 desunt,
583 1669 640 1732 aut
660 1664 785 1752 exiguis
809 1669 937 1734 tantum
963 1667 1108 1754 uestigiis
1133 1667 1342 1754 deteguntur;

328 1784 399 1848 quae
415 1767 524 1830 tamen
539 1769 576 1833 ut
591 1765 767 1832 communis
782 1764 1041 1836 vertebratorum
1056 1759 1167 1835 formae
1188 1767 1346 1834 elementa

326 1862 474 1932 habenda
489 1869 575 1932 sunt.

338 2015 342 2018 -
373 1973 524 2042 Ceterum
541 1994 628 2059 saepe
644 1973 682 2040 fit
693 1978 730 2041 ut
742 1973 886 2061 ingenita
901 1974 957 2041 illa
972 1976 1096 2042 cunctis
1112 1975 1277 2062 speciebus
1292 1995 1346 2064 ge·

303 2117 309 2124 ·
326 2081 414 2148 neris
429 2085 557 2160 natura,
578 2083 723 2168 quamvis
740 2087 833 2150 extus
850 2083 884 2150 in
900 2082 1049 2151 omnibus
1068 2083 1213 2169 partibus
1229 2093 1344 2152 se'non

326 2211 453 2277 semper
474 2191 658 2276 patefaciat,
686 2193 839 2258 interiore
868 2195 978 2259 tamen
1008 2194 1205 2260 scrutatione
1231 2193 1344 2280 depre-

320 2293 422 2368 hendi
437 2300 565 2386 possit:
592 2301 638 2366 sio
654 2300 771 2386 saepius
799 2321 909 2367 earum
939 2303 1092 2388 partium,
1122 2323 1201 2389 quas
1232 2293 1367 2370 inutile

213 2437 214 2444 ¹
324 2407 437 2476 fuisset
449 2409 648 2477 incrementa
661 2409 756 2474 solita
771 2410 928 2495 accipere,
943 2412 1076 2498 exiguas
1092 2415 1185 2479 notas
1201 2412 1344 2498 reperire

325 2517 415 2594 licet3
434 2522 490 2586 aut
506 2518 533 2583 si
549 2518 619 2584 haec
635 2518 732 2586 etiam
745 2517 886 2604 ,vestigia
894 2519 928 2584 in
943 2519 1052 2587 adulto
1069 2520 1199 2588 animali
1215 2521 1344 2589 omnino

325 2625 432 2692 deleta
446 2625 522 2705 sint,
541 2627 647 2712 prima
656 2626 771 2692 saltem
782 2627 927 2714 corporis
937 2627 971 2694 in
983 2626 1164 2696 evolutione
1180 2630 1341 2716 variisque
1432 2671 1434 2681 -

325 2735 358 2802 in
374 2734 487 2822 figuris
517 2756 596 2820 quas
628 2735 777 2821 deinceps
808 2736 923 2814 induit,
954 2741 1126 2824 antequam
1142 2721 1344 2806 ad‘ultimam

212 2913 215 2922 Ἰ
324 2843 560 2930 perfectamque
585 2847 782 2910 structuram
805 2845 989 2930 perveniat,
1018 2847 1205 2932 plerumque
1226 2847 1343 2914 accidit

323 2951 545 3038 utaliquando
560 2958 754 3038 appareant3
774 2957 810 3020 ut
821 2953 901 3030 auis,
925 2958 1095 3038 antequam
1108 2975 1218 3021 exoro
1234 2957 1340 3032 exeat,

323 3060 464 3126 manillae
484 3059 680 3127 tenuissimis
703 3059 852 3126 dentibus
874 3061 1075 3146 maximeque
1102 3061 1269 3130 inutilibus
1292 3083 1344 3128 ar·

323 3147 464 3236 mantui.
1151 3154 1154 3162 ’

359 3277 429 3354 4ΙΗει
444 3277 544 3364 igitur
559 3277 735 3350 communis
749 3277 876 3364 generis
887 3277 991 3344 forma
1001 3299 1067 3344 non
1078 3281 1205 3347 tantum
1219 3279 1352 3346 haben-⁴

323 3386 365 3452 da
380 3387 431 3452 est
454 3390 490 3453 ut
510 3384 784 3472 perfectissimum.¹
797 3387 963 3472 exemplar
985 3388 1080 3472 quod,
1104 3391 1142 3454 ut
1163 3387 1209 3454 ait
1232 3389 1338 3477 Plato,

270 3501 271 3520 ¹
324 3493 534 3580 contemplari
554 3493 662 3560 decuit
677 3495 832 3581 optimum
847 3495 958 3561 mundi
974 3495 1211 3572 fabricatorem,
1231 3497 1341 3564 sedut

321 3623 398 3690 pars
417 3603 503 3670 illius
523 3603 671 3678 essentiae
693 3623 782 3692 quae,
795 3607 831 3670 ut
853 3604 958 3690 placet
981 3605 1162 3682 Aristoteli,
1189 3605 1341 3692 cujusque

323 3711 440 3799 speciei
454 3716 604 3780 naturam
620 3711 798 3791 constituit,
816 3717 850 3780 et
865 3734 947 3798 quae,
963 3735 983 3780 a
998 3713 1102 3800 prima
1116 3713 1264 3782 animalis
1277 3714 1340 3782 ori-

322 3820 397 3906 gine
415 3841 542 3907 semper
565 3841 720 3906 praesens,
748 3821 972 3908 primigeniam
989 3821 1132 3908 corporis
1153 3821 1339 3910 descriptio-

322 3949 396 3996 nem
423 3929 653 4014 contiuuasque
676 3930 892 3997 membrorum
918 3931 1119 3998 nascentium
1145 3931 1339 3998 mutationes

322 4037 419 4124 regit.
435 4038 509 4104 Non
525 4037 624 4123 igitur
643 4036 762 4104 idcirco
778 4041 814 4104 ut
829 4037 876 4104 illi
888 4037 1029 4124 perfecto
1046 4038 1221 4124 exemplari
1236 4037 1339 4126 magis

325 4144 428 4214 simile
440 4145 495 4225 sit,
513 4146 574 4214 has
589 4145 730 4232 partium
745 4145 924 4215 absentium
940 4150 1035 4215 notas
1046 4145 1166 4217 animai
1181 4147 1335 4224 continet,
