<?xml version="1.0" encoding="UTF-8"?>
<!DOCTYPE html PUBLIC "-//W3C//DTD XHTML 1.0 Transitional//EN"
    "http://www.w3.org/TR/xhtml1/DTD/xhtml1-transitional.dtd">
<html xmlns="http://www.w3.org/1999/xhtml" xml:lang="en" lang="en">
 <head>
  <title>
</title>
<meta http-equiv="Content-Type" content="text/html;charset=utf-8" />
  <meta name='ocr-system' content='tesseract 3.04.00' />
  <meta name='ocr-capabilities' content='ocr_page ocr_carea ocr_par ocr_line ocrx_word'/>
</head>
<body>
  <div class='ocr_page' id='page_1' title='image "./aristotelisphil00philgoog_0090.png"; bbox 0 0 3106 4932; ppageno 0'>
   <div class='ocr_carea' id='block_1_1' title="bbox 612 486 792 552">
    <p class='ocr_par' dir='ltr' id='par_1_1' title="bbox 612 486 792 552">
     <span class='ocr_line' id='line_1_1' title="bbox 612 486 792 552; baseline -0.006 -16"><span class='ocrx_word' id='word_1_1' title='bbox 612 486 792 552; x_wconf 68' lang='lat'><strong>...77-</strong></span> 
     </span>
    </p>
   </div>
   <div class='ocr_carea' id='block_1_2' title="bbox 99 628 1216 3526">
    <p class='ocr_par' dir='ltr' id='par_1_2' title="bbox 99 628 1216 3526">
     <span class='ocr_line' id='line_1_2' title="bbox 191 628 1212 726; baseline 0.002 -30"><span class='ocrx_word' id='word_1_2' title='bbox 191 631 303 717; x_wconf 90' lang='lat' dir='ltr'>lesque</span> <span class='ocrx_word' id='word_1_3' title='bbox 319 629 424 726; x_wconf 76' lang='lat' dir='ltr'>digiti,</span> <span class='ocrx_word' id='word_1_4' title='bbox 451 649 585 716; x_wconf 91' lang='lat' dir='ltr'>quorum</span> <span class='ocrx_word' id='word_1_5' title='bbox 602 630 779 698; x_wconf 91' lang='lat' dir='ltr'>contractio</span> <span class='ocrx_word' id='word_1_6' title='bbox 801 629 902 696; x_wconf 89' lang='lat' dir='ltr'>facilis</span> <span class='ocrx_word' id='word_1_7' title='bbox 918 628 1081 717; x_wconf 87' lang='lat' dir='ltr'>facilisque</span> <span class='ocrx_word' id='word_1_8' title='bbox 1103 651 1212 717; x_wconf 87' lang='lat' dir='ltr'>porre-</span> 
     </span>
     <span class='ocr_line' id='line_1_3' title="bbox 191 737 1212 825; baseline 0 -19"><span class='ocrx_word' id='word_1_9' title='bbox 191 740 267 815; x_wconf 90' lang='lat' dir='ltr'>ctio,</span> <span class='ocrx_word' id='word_1_10' title='bbox 286 742 357 804; x_wconf 87' lang='lat' dir='ltr'>tum</span> <span class='ocrx_word' id='word_1_11' title='bbox 377 737 501 824; x_wconf 90' lang='lat' dir='ltr'>pollicis</span> <span class='ocrx_word' id='word_1_12' title='bbox 523 739 694 825; x_wconf 84' lang='lat' dir='ltr'>singularis</span> <span class='ocrx_word' id='word_1_13' title='bbox 709 737 825 825; x_wconf 83' lang='lat' dir='ltr'>figura,</span> <span class='ocrx_word' id='word_1_14' title='bbox 846 738 898 823; x_wconf 91' lang='lat' dir='ltr'>qui</span> <span class='ocrx_word' id='word_1_15' title='bbox 914 759 934 803; x_wconf 94' lang='lat' dir='ltr'>a</span> <span class='ocrx_word' id='word_1_16' title='bbox 949 741 1041 824; x_wconf 91' lang='lat' dir='ltr'>parte</span> <span class='ocrx_word' id='word_1_17' title='bbox 1061 738 1212 807; x_wconf 87' lang='lat' dir='ltr'>inferiore</span> 
     </span>
     <span class='ocr_line' id='line_1_4' title="bbox 188 846 1212 934; baseline 0.001 -21"><span class='ocrx_word' id='word_1_18' title='bbox 188 849 343 914; x_wconf 89' lang='lat' dir='ltr'>adversus</span> <span class='ocrx_word' id='word_1_19' title='bbox 374 847 503 934; x_wconf 78' lang='lat' dir='ltr'>premit,</span> <span class='ocrx_word' id='word_1_20' title='bbox 525 846 738 928; x_wconf 78' lang='lat' dir='ltr'>brachiorum</span> <span class='ocrx_word' id='word_1_21' title='bbox 766 846 901 931; x_wconf 91' lang='lat' dir='ltr'>denique</span> <span class='ocrx_word' id='word_1_22' title='bbox 916 847 1067 933; x_wconf 92' lang='lat' dir='ltr'>proprius</span> <span class='ocrx_word' id='word_1_23' title='bbox 1088 848 1212 915; x_wconf 91' lang='lat' dir='ltr'>homini</span> 
     </span>
     <span class='ocr_line' id='line_1_5' title="bbox 189 938 1212 1043; baseline 0.002 -21"><span class='ocrx_word' id='word_1_24' title='bbox 189 955 306 1033; x_wconf 84' lang='lat' dir='ltr'>flexus,</span> <span class='ocrx_word' id='word_1_25' title='bbox 326 959 442 1022; x_wconf 89' lang='lat' dir='ltr'>cuncta</span> <span class='ocrx_word' id='word_1_26' title='bbox 458 957 499 1022; x_wconf 92' lang='lat' dir='ltr'>ad</span> <span class='ocrx_word' id='word_1_27' title='bbox 519 959 664 1022; x_wconf 88' lang='lat' dir='ltr'>motuum</span> <span class='ocrx_word' id='word_1_28' title='bbox 685 938 943 1024; x_wconf 83' lang='lat' dir='ltr'>commoditatem</span> <span class='ocrx_word' id='word_1_29' title='bbox 960 957 1140 1043; x_wconf 87' lang='lat' dir='ltr'>artiumque</span> <span class='ocrx_word' id='word_1_30' title='bbox 1154 979 1212 1025; x_wconf 86' lang='lat' dir='ltr'>va·</span> 
     </span>
     <span class='ocr_line' id='line_1_6' title="bbox 167 1061 602 1156; baseline -0.002 -24"><span class='ocrx_word' id='word_1_31' title='bbox 167 1061 341 1133; x_wconf 72' lang='lat' dir='ltr'>⁸rietatem</span> <span class='ocrx_word' id='word_1_32' title='bbox 358 1063 528 1156; x_wconf 80' lang='lat' dir='ltr'>conferunt</span> <span class='ocrx_word' id='word_1_33' title='bbox 544 1061 602 1155; x_wconf 87' lang='lat'>(1).</span> 
     </span>
     <span class='ocr_line' id='line_1_7' title="bbox 237 1173 1213 1261; baseline 0.003 -21"><span class='ocrx_word' id='word_1_34' title='bbox 237 1176 317 1241; x_wconf 82' lang='lat' dir='ltr'>Haec</span> <span class='ocrx_word' id='word_1_35' title='bbox 333 1178 442 1240; x_wconf 88' lang='lat' dir='ltr'>autem</span> <span class='ocrx_word' id='word_1_36' title='bbox 464 1173 597 1240; x_wconf 90' lang='lat' dir='ltr'>humani</span> <span class='ocrx_word' id='word_1_37' title='bbox 613 1174 757 1261; x_wconf 92' lang='lat' dir='ltr'>corporis</span> <span class='ocrx_word' id='word_1_38' title='bbox 773 1174 964 1260; x_wconf 75' lang='lat' dir='ltr'><strong>praestantia</strong></span> <span class='ocrx_word' id='word_1_39' title='bbox 980 1175 1021 1241; x_wconf 92' lang='lat' dir='ltr'>ad</span> <span class='ocrx_word' id='word_1_40' title='bbox 1042 1176 1140 1242; x_wconf 91' lang='lat' dir='ltr'>animi</span> <span class='ocrx_word' id='word_1_41' title='bbox 1156 1197 1213 1243; x_wconf 84' lang='lat' dir='ltr'>ax·</span> 
     </span>
     <span class='ocr_line' id='line_1_8' title="bbox 194 1283 1211 1369; baseline 0.002 -20"><span class='ocrx_word' id='word_1_42' title='bbox 194 1283 377 1350; x_wconf 85' lang='lat' dir='ltr'>cellantiam</span> <span class='ocrx_word' id='word_1_43' title='bbox 397 1283 591 1354; x_wconf 86' lang='lat' dir='ltr'>necessario·</span> <span class='ocrx_word' id='word_1_44' title='bbox 604 1283 756 1369; x_wconf 88' lang='lat' dir='ltr'>pertinet,</span> <span class='ocrx_word' id='word_1_45' title='bbox 781 1283 897 1369; x_wconf 89' lang='lat' dir='ltr'>quippe</span> <span class='ocrx_word' id='word_1_46' title='bbox 920 1305 990 1369; x_wconf 87' lang='lat' dir='ltr'>quae</span> <span class='ocrx_word' id='word_1_47' title='bbox 1015 1285 1086 1350; x_wconf 90' lang='lat' dir='ltr'>sine·</span> <span class='ocrx_word' id='word_1_48' title='bbox 1104 1289 1211 1352; x_wconf 89' lang='lat' dir='ltr'>mente</span> 
     </span>
     <span class='ocr_line' id='line_1_9' title="bbox 127 1373 1212 1484; baseline 0.001 -25"><span class='ocrx_word' id='word_1_49' title='bbox 127 1479 131 1484; x_wconf 22' lang='grc' dir='ltr'>ι</span> <span class='ocrx_word' id='word_1_50' title='bbox 193 1396 226 1459; x_wconf 89' lang='lat' dir='ltr'>et</span> <span class='ocrx_word' id='word_1_51' title='bbox 237 1392 363 1460; x_wconf 90' lang='lat' dir='ltr'>ratione</span> <span class='ocrx_word' id='word_1_52' title='bbox 375 1413 508 1479; x_wconf 91' lang='lat' dir='ltr'>prorsus</span> <span class='ocrx_word' id='word_1_53' title='bbox 520 1392 644 1458; x_wconf 89' lang='lat' dir='ltr'>inutilis</span> <span class='ocrx_word' id='word_1_54' title='bbox 657 1397 759 1469; x_wconf 88' lang='lat' dir='ltr'>esset;</span> <span class='ocrx_word' id='word_1_55' title='bbox 771 1373 807 1460; x_wconf 76' lang='lat' dir='ltr'>et</span> <span class='ocrx_word' id='word_1_56' title='bbox 818 1392 852 1458; x_wconf 93' lang='lat' dir='ltr'>in</span> <span class='ocrx_word' id='word_1_57' title='bbox 863 1392 925 1458; x_wconf 94' lang='lat' dir='ltr'>hoc</span> <span class='ocrx_word' id='word_1_58' title='bbox 938 1393 1078 1459; x_wconf 90' lang='lat' dir='ltr'>omnium</span> <span class='ocrx_word' id='word_1_59' title='bbox 1090 1395 1212 1460; x_wconf 78' lang='lat' dir='ltr'>nostiae</span> 
     </span>
     <span class='ocr_line' id='line_1_10' title="bbox 193 1501 1213 1579; baseline 0 -11"><span class='ocrx_word' id='word_1_60' title='bbox 193 1505 319 1568; x_wconf 86' lang='lat' dir='ltr'>naturae</span> <span class='ocrx_word' id='word_1_61' title='bbox 333 1501 564 1569; x_wconf 90' lang='lat' dir='ltr'>elementorum</span> <span class='ocrx_word' id='word_1_62' title='bbox 577 1521 747 1579; x_wconf 89' lang='lat' dir='ltr'>consensu,</span> <span class='ocrx_word' id='word_1_63' title='bbox 763 1501 862 1568; x_wconf 91' lang='lat' dir='ltr'>animi</span> <span class='ocrx_word' id='word_1_64' title='bbox 878 1501 962 1568; x_wconf 85' lang='lat' dir='ltr'>bona</span> <span class='ocrx_word' id='word_1_65' title='bbox 974 1502 1213 1568; x_wconf 87' lang='lat' dir='ltr'>evidentissime</span> 
     </span>
     <span class='ocr_line' id='line_1_11' title="bbox 193 1607 1213 1689; baseline 0.001 -12"><span class='ocrx_word' id='word_1_66' title='bbox 193 1609 274 1678; x_wconf 81' lang='lat' dir='ltr'>fines</span> <span class='ocrx_word' id='word_1_67' title='bbox 297 1613 384 1689; x_wconf 88' lang='lat' dir='ltr'>sunt,</span> <span class='ocrx_word' id='word_1_68' title='bbox 411 1631 476 1677; x_wconf 89' lang='lat' dir='ltr'>non</span> <span class='ocrx_word' id='word_1_69' title='bbox 499 1607 642 1679; x_wconf 85' lang='lat' dir='ltr'>effectus.</span> <span class='ocrx_word' id='word_1_70' title='bbox 671 1610 754 1686; x_wconf 84' lang='lat' dir='ltr'><strong>Quid</strong></span> <span class='ocrx_word' id='word_1_71' title='bbox 776 1610 887 1685; x_wconf 71' lang='lat' dir='ltr'>enimi</span> <span class='ocrx_word' id='word_1_72' title='bbox 909 1611 980 1676; x_wconf 91' lang='lat' dir='ltr'>haec</span> <span class='ocrx_word' id='word_1_73' title='bbox 995 1613 1064 1677; x_wconf 87' lang='lat' dir='ltr'>veri</span> <span class='ocrx_word' id='word_1_74' title='bbox 1084 1611 1213 1678; x_wconf 90' lang='lat' dir='ltr'>videndi</span> 
     </span>
     <span class='ocr_line' id='line_1_12' title="bbox 194 1718 1215 1806; baseline 0.001 -21"><span class='ocrx_word' id='word_1_75' title='bbox 194 1719 341 1796; x_wconf 84' lang='lat' dir='ltr'><strong>facultas,</strong></span> <span class='ocrx_word' id='word_1_76' title='bbox 361 1719 422 1786; x_wconf 91' lang='lat' dir='ltr'>hoc</span> <span class='ocrx_word' id='word_1_77' title='bbox 443 1719 660 1806; x_wconf 83' lang='lat' dir='ltr'>investigandi</span> <span class='ocrx_word' id='word_1_78' title='bbox 685 1718 811 1786; x_wconf 88' lang='lat' dir='ltr'>occulta</span> <span class='ocrx_word' id='word_1_79' title='bbox 834 1718 986 1798; x_wconf 89' lang='lat' dir='ltr'>studium,</span> <span class='ocrx_word' id='word_1_80' title='bbox 1013 1719 1066 1786; x_wconf 93' lang='lat' dir='ltr'>hic</span> <span class='ocrx_word' id='word_1_81' title='bbox 1087 1720 1215 1786; x_wconf 82' lang='lat' dir='ltr'>honesti</span> 
     </span>
     <span class='ocr_line' id='line_1_13' title="bbox 194 1827 1214 1914; baseline 0 -20"><span class='ocrx_word' id='word_1_82' title='bbox 194 1827 388 1913; x_wconf 86' lang='lat' dir='ltr'>virtutisque</span> <span class='ocrx_word' id='word_1_83' title='bbox 400 1848 502 1906; x_wconf 89' lang='lat' dir='ltr'>amor,</span> <span class='ocrx_word' id='word_1_84' title='bbox 518 1829 571 1894; x_wconf 90' lang='lat' dir='ltr'>hic</span> <span class='ocrx_word' id='word_1_85' title='bbox 579 1828 704 1914; x_wconf 91' lang='lat' dir='ltr'>pulchri</span> <span class='ocrx_word' id='word_1_86' title='bbox 715 1828 885 1913; x_wconf 76' lang='lat' dir='ltr'>decorique</span> <span class='ocrx_word' id='word_1_87' title='bbox 897 1848 1021 1907; x_wconf 91' lang='lat' dir='ltr'>sensus,</span> <span class='ocrx_word' id='word_1_88' title='bbox 1036 1828 1101 1894; x_wconf 89' lang='lat' dir='ltr'>illae</span> <span class='ocrx_word' id='word_1_89' title='bbox 1113 1831 1214 1896; x_wconf 89' lang='lat' dir='ltr'>socie-</span> 
     </span>
     <span class='ocr_line' id='line_1_14' title="bbox 193 1936 1213 2036; baseline -0.002 -32"><span class='ocrx_word' id='word_1_90' title='bbox 193 1937 273 2004; x_wconf 89' lang='lat' dir='ltr'>tatis</span> <span class='ocrx_word' id='word_1_91' title='bbox 288 1937 376 2023; x_wconf 83' lang='lat' dir='ltr'>leges</span> <span class='ocrx_word' id='word_1_92' title='bbox 393 1941 426 2004; x_wconf 91' lang='lat' dir='ltr'>et</span> <span class='ocrx_word' id='word_1_93' title='bbox 437 1936 512 2036; x_wconf 76' lang='lat' dir='ltr'>jura</span> <span class='ocrx_word' id='word_1_94' title='bbox 528 1957 547 2002; x_wconf 91' lang='lat' dir='ltr'>a</span> <span class='ocrx_word' id='word_1_95' title='bbox 563 1937 709 2002; x_wconf 90' lang='lat' dir='ltr'>materiae</span> <span class='ocrx_word' id='word_1_96' title='bbox 725 1941 843 2034; x_wconf 89' lang='lat' dir='ltr'>natura</span> <span class='ocrx_word' id='word_1_97' title='bbox 858 1941 915 2003; x_wconf 92' lang='lat' dir='ltr'>aut</span> <span class='ocrx_word' id='word_1_98' title='bbox 929 1936 1040 2002; x_wconf 88' lang='lat' dir='ltr'>formis</span> <span class='ocrx_word' id='word_1_99' title='bbox 1056 1937 1213 2025; x_wconf 85' lang='lat' dir='ltr'>originem</span> 
     </span>
     <span class='ocr_line' id='line_1_15' title="bbox 195 2045 1216 2124; baseline 0.001 -12"><span class='ocrx_word' id='word_1_100' title='bbox 195 2045 350 2114; x_wconf 80' lang='lat' dir='ltr'>ducerent</span> <span class='ocrx_word' id='word_1_101' title='bbox 362 2047 374 2111; x_wconf 73' lang='lat' dir='ltr'>i</span> <span class='ocrx_word' id='word_1_102' title='bbox 388 2047 468 2112; x_wconf 89' lang='lat' dir='ltr'>Haec</span> <span class='ocrx_word' id='word_1_103' title='bbox 483 2045 692 2112; x_wconf 87' lang='lat' dir='ltr'>asublimiori</span> <span class='ocrx_word' id='word_1_104' title='bbox 708 2045 796 2115; x_wconf 89' lang='lat' dir='ltr'>fonte</span> <span class='ocrx_word' id='word_1_105' title='bbox 808 2049 963 2124; x_wconf 89' lang='lat' dir='ltr'>manant;</span> <span class='ocrx_word' id='word_1_106' title='bbox 982 2046 1038 2113; x_wconf 89' lang='lat' dir='ltr'>sed</span> <span class='ocrx_word' id='word_1_107' title='bbox 1054 2051 1091 2114; x_wconf 92' lang='lat' dir='ltr'>ut</span> <span class='ocrx_word' id='word_1_108' title='bbox 1105 2047 1139 2113; x_wconf 91' lang='lat' dir='ltr'>in</span> <span class='ocrx_word' id='word_1_109' title='bbox 1150 2051 1216 2114; x_wconf 93' lang='lat' dir='ltr'>ter-</span> 
     </span>
     <span class='ocr_line' id='line_1_16' title="bbox 150 2155 1214 2244; baseline 0.003 -24"><span class='ocrx_word' id='word_1_110' title='bbox 150 2237 153 2244; x_wconf 13' lang='lat'>*</span> <span class='ocrx_word' id='word_1_111' title='bbox 195 2155 242 2221; x_wconf 94' lang='lat' dir='ltr'>ris</span> <span class='ocrx_word' id='word_1_112' title='bbox 266 2155 423 2222; x_wconf 77' lang='lat' dir='ltr'>exsistere</span> <span class='ocrx_word' id='word_1_113' title='bbox 444 2159 587 2241; x_wconf 82' lang='lat' dir='ltr'>possent,</span> <span class='ocrx_word' id='word_1_114' title='bbox 618 2155 762 2241; x_wconf 89' lang='lat' dir='ltr'>corporis</span> <span class='ocrx_word' id='word_1_115' title='bbox 790 2161 953 2224; x_wconf 85' lang='lat' dir='ltr'>structura</span> <span class='ocrx_word' id='word_1_116' title='bbox 977 2156 1068 2241; x_wconf 85' lang='lat' dir='ltr'>quasi</span> <span class='ocrx_word' id='word_1_117' title='bbox 1094 2155 1214 2224; x_wconf 89' lang='lat' dir='ltr'>iustru-</span> 
     </span>
     <span class='ocr_line' id='line_1_17' title="bbox 197 2255 1215 2351; baseline 0.003 -23"><span class='ocrx_word' id='word_1_118' title='bbox 197 2255 340 2331; x_wconf 87' lang='lat' dir='ltr'>mentum</span> <span class='ocrx_word' id='word_1_119' title='bbox 360 2267 547 2350; x_wconf 89' lang='lat' dir='ltr'>comparata</span> <span class='ocrx_word' id='word_1_120' title='bbox 571 2270 632 2331; x_wconf 88' lang='lat' dir='ltr'>est.</span> <span class='ocrx_word' id='word_1_121' title='bbox 658 2264 749 2340; x_wconf 87' lang='lat' dir='ltr'>Quod</span> <span class='ocrx_word' id='word_1_122' title='bbox 777 2265 804 2330; x_wconf 92' lang='lat' dir='ltr'>si</span> <span class='ocrx_word' id='word_1_123' title='bbox 828 2269 998 2351; x_wconf 86' lang='lat' dir='ltr'>praeterea,</span> <span class='ocrx_word' id='word_1_124' title='bbox 1026 2269 1064 2331; x_wconf 90' lang='lat' dir='ltr'>ut</span> <span class='ocrx_word' id='word_1_125' title='bbox 1087 2264 1215 2331; x_wconf 85' lang='lat' dir='ltr'>aliunde</span> 
     </span>
     <span class='ocr_line' id='line_1_18' title="bbox 199 2373 1216 2466; baseline 0.001 -27"><span class='ocrx_word' id='word_1_126' title='bbox 199 2376 337 2452; x_wconf 86' lang='lat' dir='ltr'>constat,</span> <span class='ocrx_word' id='word_1_127' title='bbox 367 2373 422 2439; x_wconf 90' lang='lat' dir='ltr'>illa</span> <span class='ocrx_word' id='word_1_128' title='bbox 449 2374 599 2440; x_wconf 90' lang='lat' dir='ltr'>humanae</span> <span class='ocrx_word' id='word_1_129' title='bbox 624 2373 735 2466; x_wconf 78' lang='lat' dir='ltr'>formae</span> <span class='ocrx_word' id='word_1_130' title='bbox 760 2375 950 2460; x_wconf 84' lang='lat' dir='ltr'>praestantia</span> <span class='ocrx_word' id='word_1_131' title='bbox 976 2373 1049 2440; x_wconf 85' lang='lat' dir='ltr'>finis</span> <span class='ocrx_word' id='word_1_132' title='bbox 1077 2379 1148 2441; x_wconf 89' lang='lat' dir='ltr'>erat</span> <span class='ocrx_word' id='word_1_133' title='bbox 1175 2373 1216 2440; x_wconf 88' lang='lat' dir='ltr'>ad</span> 
     </span>
     <span class='ocr_line' id='line_1_19' title="bbox 197 2482 1214 2570; baseline 0.001 -22"><span class='ocrx_word' id='word_1_134' title='bbox 197 2503 290 2568; x_wconf 90' lang='lat' dir='ltr'>quem</span> <span class='ocrx_word' id='word_1_135' title='bbox 313 2482 469 2569; x_wconf 89' lang='lat' dir='ltr'>paulatim</span> <span class='ocrx_word' id='word_1_136' title='bbox 492 2487 609 2550; x_wconf 88' lang='lat' dir='ltr'>natura</span> <span class='ocrx_word' id='word_1_137' title='bbox 633 2483 854 2570; x_wconf 81' lang='lat' dir='ltr'>grassabatur,</span> <span class='ocrx_word' id='word_1_138' title='bbox 873 2483 901 2548; x_wconf 92' lang='lat' dir='ltr'>si</span> <span class='ocrx_word' id='word_1_139' title='bbox 917 2482 1043 2567; x_wconf 88' lang='lat' dir='ltr'>quidem</span> <span class='ocrx_word' id='word_1_140' title='bbox 1067 2483 1214 2567; x_wconf 88' lang='lat' dir='ltr'>plurimae</span> 
     </span>
     <span class='ocr_line' id='line_1_20' title="bbox 99 2589 1211 2677; baseline 0.001 -21"><span class='ocrx_word' id='word_1_141' title='bbox 99 2631 101 2636; x_wconf 93' lang='lat'>-</span> <span class='ocrx_word' id='word_1_142' title='bbox 198 2591 469 2658; x_wconf 78' lang='lat' dir='ltr'>examinantibus</span> <span class='ocrx_word' id='word_1_143' title='bbox 491 2594 548 2658; x_wconf 90' lang='lat' dir='ltr'>aut</span> <span class='ocrx_word' id='word_1_144' title='bbox 563 2592 678 2656; x_wconf 87' lang='lat' dir='ltr'>saltem</span> <span class='ocrx_word' id='word_1_145' title='bbox 695 2611 828 2677; x_wconf 89' lang='lat' dir='ltr'>quaeque</span> <span class='ocrx_word' id='word_1_146' title='bbox 850 2592 883 2657; x_wconf 90' lang='lat' dir='ltr'>in</span> <span class='ocrx_word' id='word_1_147' title='bbox 905 2590 1017 2656; x_wconf 91' lang='lat' dir='ltr'>ordine</span> <span class='ocrx_word' id='word_1_148' title='bbox 1035 2589 1211 2670; x_wconf 86' lang='lat' dir='ltr'>altissimae,</span> 
     </span>
     <span class='ocr_line' id='line_1_21' title="bbox 198 2698 1215 2786; baseline 0.003 -23"><span class='ocrx_word' id='word_1_149' title='bbox 198 2698 391 2785; x_wconf 86' lang='lat' dir='ltr'>imperfectae</span> <span class='ocrx_word' id='word_1_150' title='bbox 406 2699 546 2765; x_wconf 92' lang='lat' dir='ltr'>hominis</span> <span class='ocrx_word' id='word_1_151' title='bbox 562 2699 718 2786; x_wconf 88' lang='lat' dir='ltr'>imagines</span> <span class='ocrx_word' id='word_1_152' title='bbox 735 2721 806 2766; x_wconf 88' lang='lat' dir='ltr'>esse</span> <span class='ocrx_word' id='word_1_153' title='bbox 821 2699 973 2766; x_wconf 87' lang='lat' dir='ltr'>videntur</span> <span class='ocrx_word' id='word_1_154' title='bbox 988 2702 1021 2766; x_wconf 86' lang='lat' dir='ltr'>et</span> <span class='ocrx_word' id='word_1_155' title='bbox 1033 2699 1123 2784; x_wconf 91' lang='lat' dir='ltr'>quasi</span> <span class='ocrx_word' id='word_1_156' title='bbox 1139 2721 1215 2766; x_wconf 91' lang='lat' dir='ltr'>con-</span> 
     </span>
     <span class='ocr_line' id='line_1_22' title="bbox 198 2807 1216 2894; baseline 0.003 -22"><span class='ocrx_word' id='word_1_157' title='bbox 198 2811 308 2892; x_wconf 90' lang='lat' dir='ltr'>ceptus</span> <span class='ocrx_word' id='word_1_158' title='bbox 331 2809 364 2873; x_wconf 94' lang='lat' dir='ltr'>in</span> <span class='ocrx_word' id='word_1_159' title='bbox 380 2809 560 2875; x_wconf 89' lang='lat' dir='ltr'>evolutione</span> <span class='ocrx_word' id='word_1_160' title='bbox 584 2807 740 2893; x_wconf 89' lang='lat' dir='ltr'>impediti,</span> <span class='ocrx_word' id='word_1_161' title='bbox 761 2809 814 2894; x_wconf 90' lang='lat' dir='ltr'>qui</span> <span class='ocrx_word' id='word_1_162' title='bbox 837 2827 995 2874; x_wconf 88' lang='lat' dir='ltr'>summam</span> <span class='ocrx_word' id='word_1_163' title='bbox 1017 2808 1153 2894; x_wconf 79' lang='lat' dir='ltr'>figuram</span> <span class='ocrx_word' id='word_1_164' title='bbox 1175 2808 1216 2876; x_wconf 90' lang='lat' dir='ltr'>ad</span> 
     </span>
     <span class='ocr_line' id='line_1_23' title="bbox 197 2916 1215 3004; baseline 0.003 -22"><span class='ocrx_word' id='word_1_165' title='bbox 197 2937 292 3004; x_wconf 90' lang='lat' dir='ltr'>quam</span> <span class='ocrx_word' id='word_1_166' title='bbox 311 2917 488 2984; x_wconf 88' lang='lat' dir='ltr'>tendebant</span> <span class='ocrx_word' id='word_1_167' title='bbox 513 2917 674 3004; x_wconf 84' lang='lat' dir='ltr'>attingere</span> <span class='ocrx_word' id='word_1_168' title='bbox 698 2919 924 3002; x_wconf 85' lang='lat' dir='ltr'>nequiverunt,</span> <span class='ocrx_word' id='word_1_169' title='bbox 954 2937 1060 2983; x_wconf 92' lang='lat' dir='ltr'>nonne</span> <span class='ocrx_word' id='word_1_170' title='bbox 1088 2916 1215 2985; x_wconf 89' lang='lat' dir='ltr'>conclu-</span> 
     </span>
     <span class='ocr_line' id='line_1_24' title="bbox 197 3021 1216 3114; baseline 0.003 -23"><span class='ocrx_word' id='word_1_171' title='bbox 197 3025 273 3092; x_wconf 92' lang='lat' dir='ltr'>dere</span> <span class='ocrx_word' id='word_1_172' title='bbox 290 3030 418 3114; x_wconf 91' lang='lat' dir='ltr'>oportet</span> <span class='ocrx_word' id='word_1_173' title='bbox 438 3047 548 3092; x_wconf 90' lang='lat' dir='ltr'>omnes</span> <span class='ocrx_word' id='word_1_174' title='bbox 564 3025 636 3092; x_wconf 90' lang='lat' dir='ltr'>illas</span> <span class='ocrx_word' id='word_1_175' title='bbox 652 3024 772 3092; x_wconf 88' lang='lat' dir='ltr'>formas</span> <span class='ocrx_word' id='word_1_176' title='bbox 788 3031 822 3093; x_wconf 93' lang='lat' dir='ltr'>et</span> <span class='ocrx_word' id='word_1_177' title='bbox 837 3047 963 3092; x_wconf 91' lang='lat' dir='ltr'>omnem</span> <span class='ocrx_word' id='word_1_178' title='bbox 979 3021 1080 3094; x_wconf 81' lang='lat' dir='ltr'>vitam</span> <span class='ocrx_word' id='word_1_179' title='bbox 1098 3049 1139 3092; x_wconf 84' lang='lat' dir='ltr'>ex</span> <span class='ocrx_word' id='word_1_180' title='bbox 1154 3027 1216 3094; x_wconf 91' lang='lat' dir='ltr'>hac</span> 
     </span>
     <span class='ocr_line' id='line_1_25' title="bbox 198 3135 1216 3227; baseline 0.006 -29"><span class='ocrx_word' id='word_1_181' title='bbox 198 3154 295 3200; x_wconf 89' lang='lat' dir='ltr'>causa</span> <span class='ocrx_word' id='word_1_182' title='bbox 321 3155 453 3202; x_wconf 90' lang='lat' dir='ltr'>manare</span> <span class='ocrx_word' id='word_1_183' title='bbox 482 3157 553 3222; x_wconf 89' lang='lat' dir='ltr'>quae</span> <span class='ocrx_word' id='word_1_184' title='bbox 577 3135 618 3200; x_wconf 87' lang='lat' dir='ltr'>ad</span> <span class='ocrx_word' id='word_1_185' title='bbox 643 3155 801 3227; x_wconf 85' lang='lat' dir='ltr'>summurn</span> <span class='ocrx_word' id='word_1_186' title='bbox 829 3135 1067 3222; x_wconf 85' lang='lat' dir='ltr'>perfectumque</span> <span class='ocrx_word' id='word_1_187' title='bbox 1098 3137 1216 3204; x_wconf 89' lang='lat' dir='ltr'>bonum</span> 
     </span>
     <span class='ocr_line' id='line_1_26' title="bbox 199 3243 1216 3334; baseline 0.007 -27"><span class='ocrx_word' id='word_1_188' title='bbox 199 3247 334 3327; x_wconf 89' lang='lat' dir='ltr'>spectat,</span> <span class='ocrx_word' id='word_1_189' title='bbox 352 3244 400 3311; x_wconf 90' lang='lat' dir='ltr'>ita</span> <span class='ocrx_word' id='word_1_190' title='bbox 415 3247 461 3321; x_wconf 91' lang='lat' dir='ltr'>ut,</span> <span class='ocrx_word' id='word_1_191' title='bbox 488 3243 574 3310; x_wconf 92' lang='lat' dir='ltr'>inter</span> <span class='ocrx_word' id='word_1_192' title='bbox 590 3265 628 3310; x_wconf 89' lang='lat' dir='ltr'>ea</span> <span class='ocrx_word' id='word_1_193' title='bbox 644 3265 714 3330; x_wconf 89' lang='lat' dir='ltr'>quae</span> <span class='ocrx_word' id='word_1_194' title='bbox 734 3244 805 3311; x_wconf 88' lang='lat' dir='ltr'>fieri</span> <span class='ocrx_word' id='word_1_195' title='bbox 827 3244 961 3330; x_wconf 87' lang='lat' dir='ltr'>possint,</span> <span class='ocrx_word' id='word_1_196' title='bbox 980 3246 1014 3312; x_wconf 94' lang='lat' dir='ltr'>id</span> <span class='ocrx_word' id='word_1_197' title='bbox 1029 3246 1113 3332; x_wconf 93' lang='lat' dir='ltr'>quod</span> <span class='ocrx_word' id='word_1_198' title='bbox 1134 3247 1216 3334; x_wconf 90' lang='lat' dir='ltr'>opti-</span> 
     </span>
     <span class='ocr_line' id='line_1_27' title="bbox 199 3351 1215 3442; baseline 0.005 -25"><span class='ocrx_word' id='word_1_199' title='bbox 199 3371 287 3418; x_wconf 90' lang='lat' dir='ltr'>mum</span> <span class='ocrx_word' id='word_1_200' title='bbox 303 3351 346 3419; x_wconf 92' lang='lat' dir='ltr'>sit</span> <span class='ocrx_word' id='word_1_201' title='bbox 361 3372 488 3438; x_wconf 91' lang='lat' dir='ltr'>semper</span> <span class='ocrx_word' id='word_1_202' title='bbox 503 3353 546 3419; x_wconf 92' lang='lat' dir='ltr'>sit</span> <span class='ocrx_word' id='word_1_203' title='bbox 560 3352 634 3419; x_wconf 85' lang='lat' dir='ltr'>finis</span> <span class='ocrx_word' id='word_1_204' title='bbox 655 3358 780 3421; x_wconf 89' lang='lat' dir='ltr'>naturae</span> <span class='ocrx_word' id='word_1_205' title='bbox 803 3357 837 3420; x_wconf 90' lang='lat' dir='ltr'>et</span> <span class='ocrx_word' id='word_1_206' title='bbox 860 3354 1020 3442; x_wconf 86' lang='lat' dir='ltr'>gradatim</span> <span class='ocrx_word' id='word_1_207' title='bbox 1036 3353 1215 3422; x_wconf 78' lang='lat' dir='ltr'>efficiaturi</span> 
     </span>
     <span class='ocr_line' id='line_1_28' title="bbox 891 3491 900 3526; baseline 0 0"><span class='ocrx_word' id='word_1_208' title='bbox 891 3491 900 3526; x_wconf 78' lang='lat' dir='ltr'>t</span> 
     </span>
    </p>
   </div>
   <div class='ocr_carea' id='block_1_3' title="bbox 131 3552 1219 3992">
    <p class='ocr_par' dir='ltr' id='par_1_3' title="bbox 131 3552 1219 3992">
     <span class='ocr_line' id='line_1_29' title="bbox 198 3552 1218 3664; baseline 0.003 -21"><span class='ocrx_word' id='word_1_209' title='bbox 198 3603 201 3610; x_wconf 48' lang='lat'>¹</span> <span class='ocrx_word' id='word_1_210' title='bbox 244 3577 303 3643; x_wconf 87' lang='lat' dir='ltr'>VI.</span> <span class='ocrx_word' id='word_1_211' title='bbox 331 3577 394 3644; x_wconf 88' lang='lat' dir='ltr'>Sed</span> <span class='ocrx_word' id='word_1_212' title='bbox 419 3580 455 3644; x_wconf 86' lang='lat' dir='ltr'>ut</span> <span class='ocrx_word' id='word_1_213' title='bbox 480 3578 572 3664; x_wconf 88' lang='lat' dir='ltr'>plane</span> <span class='ocrx_word' id='word_1_214' title='bbox 595 3579 793 3664; x_wconf 88' lang='lat' dir='ltr'>percipiatur</span> <span class='ocrx_word' id='word_1_215' title='bbox 817 3552 912 3664; x_wconf 84' lang='lat' dir='ltr'>quam</span> <span class='ocrx_word' id='word_1_216' title='bbox 933 3579 998 3645; x_wconf 89' lang='lat' dir='ltr'>iate</span> <span class='ocrx_word' id='word_1_217' title='bbox 1025 3581 1136 3664; x_wconf 90' lang='lat' dir='ltr'>pateat</span> <span class='ocrx_word' id='word_1_218' title='bbox 1157 3579 1218 3647; x_wconf 89' lang='lat' dir='ltr'>hoc</span> 
     </span>
     <span class='ocr_line' id='line_1_30' title="bbox 199 3684 1218 3774; baseline 0.003 -23"><span class='ocrx_word' id='word_1_219' title='bbox 199 3684 402 3773; x_wconf 90' lang='lat' dir='ltr'>principium,</span> <span class='ocrx_word' id='word_1_220' title='bbox 426 3686 507 3753; x_wconf 88' lang='lat' dir='ltr'>illud</span> <span class='ocrx_word' id='word_1_221' title='bbox 531 3687 629 3753; x_wconf 90' lang='lat' dir='ltr'>etiam</span> <span class='ocrx_word' id='word_1_222' title='bbox 653 3686 896 3774; x_wconf 84' lang='lat' dir='ltr'>intelligendum</span> <span class='ocrx_word' id='word_1_223' title='bbox 917 3691 977 3765; x_wconf 90' lang='lat' dir='ltr'>est,</span> <span class='ocrx_word' id='word_1_224' title='bbox 1002 3687 1086 3753; x_wconf 90' lang='lat' dir='ltr'>hanc</span> <span class='ocrx_word' id='word_1_225' title='bbox 1106 3687 1218 3774; x_wconf 91' lang='lat' dir='ltr'>optimi</span> 
     </span>
     <span class='ocr_line' id='line_1_31' title="bbox 198 3795 1217 3891; baseline 0.005 -32"><span class='ocrx_word' id='word_1_226' title='bbox 198 3795 452 3882; x_wconf 79' lang='lat' dir='ltr'>rationemque</span> <span class='ocrx_word' id='word_1_227' title='bbox 472 3816 582 3862; x_wconf 91' lang='lat' dir='ltr'>rerum</span> <span class='ocrx_word' id='word_1_228' title='bbox 603 3795 779 3891; x_wconf 84' lang='lat' dir='ltr'>viventium</span> <span class='ocrx_word' id='word_1_229' title='bbox 795 3800 974 3863; x_wconf 88' lang='lat' dir='ltr'>structuras</span> <span class='ocrx_word' id='word_1_230' title='bbox 991 3796 1124 3862; x_wconf 77' lang='lat' dir='ltr'>dicimus</span> <span class='ocrx_word' id='word_1_231' title='bbox 1147 3819 1217 3864; x_wconf 88' lang='lat' dir='ltr'>esse</span> 
     </span>
     <span class='ocr_line' id='line_1_32' title="bbox 131 3885 1219 3992; baseline 0.004 -22"><span class='ocrx_word' id='word_1_232' title='bbox 131 3934 134 3942; x_wconf 55' lang='grc'><strong>&gt;</strong></span> <span class='ocrx_word' id='word_1_233' title='bbox 200 3902 405 3984; x_wconf 87' lang='lat' dir='ltr'>const&#39;tutas,</span> <span class='ocrx_word' id='word_1_234' title='bbox 421 3924 486 3972; x_wconf 91' lang='lat' dir='ltr'>non</span> <span class='ocrx_word' id='word_1_235' title='bbox 497 3909 625 3973; x_wconf 86' lang='lat' dir='ltr'>tanturn</span> <span class='ocrx_word' id='word_1_236' title='bbox 637 3906 784 3992; x_wconf 86' lang='lat' dir='ltr'>spectare</span> <span class='ocrx_word' id='word_1_237' title='bbox 796 3904 837 3971; x_wconf 89' lang='lat' dir='ltr'>ad</span> <span class='ocrx_word' id='word_1_238' title='bbox 848 3885 924 3972; x_wconf 82' lang='lat' dir='ltr'>uitae</span> <span class='ocrx_word' id='word_1_239' title='bbox 941 3905 1150 3974; x_wconf 88' lang='lat' dir='ltr'>necessitates</span> <span class='ocrx_word' id='word_1_240' title='bbox 1162 3909 1219 3974; x_wconf 90' lang='lat' dir='ltr'>aut</span> 
     </span>
    </p>
   </div>
   <div class='ocr_carea' id='block_1_4' title="bbox 239 4143 659 4219">
    <p class='ocr_par' dir='ltr' id='par_1_4' title="bbox 239 4143 659 4219">
     <span class='ocr_line' id='line_1_33' title="bbox 239 4143 659 4219; baseline 0.012 -19"><span class='ocrx_word' id='word_1_241' title='bbox 239 4145 272 4211; x_wconf 76' lang='lat' dir='ltr'>tt)</span> <span class='ocrx_word' id='word_1_242' title='bbox 292 4146 333 4203; x_wconf 81' lang='lat' dir='ltr'>De</span> <span class='ocrx_word' id='word_1_243' title='bbox 344 4148 420 4219; x_wconf 81' lang='lat' dir='ltr'>pan.</span> <span class='ocrx_word' id='word_1_244' title='bbox 437 4143 539 4219; x_wconf 84' lang='lat' dir='ltr'>anim,</span> <span class='ocrx_word' id='word_1_245' title='bbox 553 4143 598 4219; x_wconf 75' lang='lat' dir='ltr'>lt,</span> <span class='ocrx_word' id='word_1_246' title='bbox 614 4147 659 4205; x_wconf 80' lang='lat'>10.</span> 
     </span>
    </p>
   </div>
   <div class='ocr_carea' id='block_1_5' title="bbox 0 0 1568 4932">
    <p class='ocr_par' dir='ltr' id='par_1_5' title="bbox 0 0 1568 4932">
     <span class='ocr_line' id='line_1_34' title="bbox 0 0 1568 4932; baseline 0 0"><span class='ocrx_word' id='word_1_247' title='bbox 0 0 1568 4932; x_wconf 95' lang='lat' dir='ltr'> </span> 
     </span>
    </p>
   </div>
  </div>
 </body>
</html>
