3134 4938
563 497 798 596 ,nu-2

200 644 350 712 mantiae
373 639 512 711 maxime
531 643 684 712 uidentur
707 645 873 732 pendere:
897 659 969 730 que
996 631 1093 731 quum
1115 664 1219 730 neque

200 753 300 821 oculis
309 753 442 840 percipi,
456 773 558 839 neque
570 775 660 820 mera
671 754 916 841 ratiocinatione
930 753 1068 820 inveniri
1079 754 1217 839 possint,

191 843 295 930 ‘docta
306 867 339 930 et
349 861 459 930 solerti
476 863 653 950 specierum
669 863 909 950 comparatione
921 865 1048 930 tentum
1061 863 1219 950 detegun-

190 974 265 1038 tur.
578 977 579 982 ’

245 1079 374 1146 Primus
393 1079 549 1146 lussieeus
561 1079 595 1146 in
608 1079 835 1148 distribuendis
859 1079 978 1166 plantis
1000 1079 1220 1166 ostenditque

199 1179 326 1276 ratione
349 1179 550 1268 diversarum
574 1180 716 1265 partium
739 1183 772 1248 et
793 1182 944 1248 notarum
959 1179 1008 1248 uis
1024 1185 1058 1248 et
1075 1201 1220 1247 momen-

200 1291 269 1356 tum
293 1287 447 1354 aestimari
465 1287 601 1374 possint.
629 1289 791 1364 Quasdam
814 1288 1044 1358 animaduertit
1060 1309 1132 1356 esse
1147 1309 1220 1375 spe-

201 1397 320 1462 cierum
336 1395 452 1473 tribus,
469 1401 538 1464 ta'm
554 1397 724 1482 perspicua
744 1396 955 1464 similitudine
975 1397 1062 1464 inter
1081 1417 1116 1462 se
1127 1396 1221 1483 junc-

200 1507 318 1580 tarum,
345 1507 382 1570 ut
398 1523 518 1570 earum,
532 1497 681 1591 cognatio
705 1504 866 1571 neminem
879 1503 985 1591 fugiat
1003 1529 1011 1572 ε
1030 1523 1101 1590 quae
1122 1504 1222 1592 igitur

200 1617 287 1680 notae
313 1613 349 1678 in
369 1613 421 1680 his
436 1612 632 1699 ,generibus
656 1613 696 1680 de
723 1612 836 1698 quibus
864 1633 975 1680 omnes
1002 1613 1218 1690 consentiunt,

184 1756 188 1763 ·
201 1742 328 1807 semper
335 1720 552 1789 immutabiles
561 1725 703 1798 manent,
717 1742 772 1787 cas
780 1723 912 1808 propius
920 1721 961 1788 ed
969 1720 1143 1789 essentiam
1152 1742 1223 1808 per·

174 1863 176 1868 ·
191 1831 305 1898 tinere
321 1833 355 1896 et
366 1829 407 1894 ed
418 1833 521 1898 totam
533 1829 795 1915 compositionem
804 1830 907 1916 magis
922 1830 1032 1898 ualere
1047 1828 1220 1907 concludit,

201 1959 296 2023 quam
309 1957 381 2022 quse
393 1937 480 2004 intra
496 1937 680 2004 eorumdem
697 1959 852 2025 generum
860 1937 942 2006 flues
952 1917 1097 2016 rostaim
1109 1942 1149 2004 'et
1161 1959 1222 2024 quo

201 2047 297 2114 latius
313 2049 447 2132 pateant
468 2045 525 2112 ills
549 2067 679 2132 geuene,
700 2067 738 2114 eo
754 2047 825 2112 illa's
837 2052 933 2114 notas
949 2046 982 2114 ui
998 2051 1032 2114 et
1042 2045 1224 2114 constantia

200 2158 370 2241 prestare.
389 2156 448 2224 llae
464 2158 578 2224 contra
593 2153 784 2222 differentiae
802 2134 915 2240 quibu's
933 2159 1224 2242 saepcseperantur

191 2263 324 2348 species
340 2263 464 2349 reliqua
480 2267 645 2331 structura
660 2263 746 2330 inter
756 2285 790 2330 se
804 2263 932 2330 omnino
944 2263 1076 2336 similes,
1089 2283 1224 2350 paruum

202 2370 352 2438 videntur
367 2371 488 2440 habere
509 2371 543 2438 in
558 2373 689 2460 neturae·
705 2372 819 2439 ordine
833 2375 1042 2438 momentum.
1064 2371 1117 2438 Sic
1132 2375 1224 2438 ncta·

202 2481 288 2545 rum'
298 2485 517 2564 agnoscuntur
537 2478 657 2548 diversi
679 2481 798 2567 gradus
823 2483 857 2546 et
875 2479 1046 2564 inaequale
1059 2478 1221 2565 pretium:

204 2605 268 2670 qua
287 2587 499 2656 aestimatione
512 2607 635 2659 rursus,
647 2588 696 2654 uti
719 2587 796 2654 licet
810 2587 851 2654 ad
867 2591 1058 2656 ceterorum
1070 2607 1224 2674 generum

206 2691 422 2762 definitionem
450 2716 585 2780 quornm
618 2695 783 2764 distinctio
816 2693 977 2762 difficilior
1003 2699 1086 2762 erat.
1115 2695 1224 2761 Domi·

206 2804 321 2868 nentes
334 2821 423 2888 crgo,
443 2802 697 2872 constantissimi
713 2806 746 2870 et
761 2825 840 2871 vere
852 2803 1054 2881 essentiales,
1075 2807 1112 2872 ut
1123 2805 1224 2891 ipsius

110 2906 134 2944 ·'
191 2909 346 2976 auctoris
365 2898 464 2979 verba
486 2931 650 2999 usurpem,
675 2910 723 2978 illi
746 2916 929 2979 caracteres
953 2915 1030 2980 sunt
1057 2911 1111 2997 qui
1128 2933 1224 2984 ‚nun-

205 3039 300 3102 quam
330 3022 496 3086 mutantur
527 3019 604 3106 quin
635 3019 739 3098 ominis
762 3020 906 3107 corporis
923 3025 981 3088 aut
997 3021 1112 3088 saltem
1128 3021 1226 3107 pluri·
1269 3061 1277 3082 .

190 3145 329 3195 ,ιηανυιη
345 3127 485 3213 partium
497 3127 772 3214 incompositione
786 3132 820 3196 et
832 3134 1123 3216 structuragraues
1139 3127 1227 3196 diffe-

204 3235 319 3301 rentiae
335 3235 429 3302 simul
445 3240 633 3322 appareant.

151 3423 154 3430 .
250 3344 329 3419 Quae
344 3344 472 3430 quidem
488 3344 678 3412 recentioris
691 3345 874 3432 disciplinae
891 3351 1054 3433 praecepta
1068 3366 1226 3432 nusquam
1281 3339 1291 3356 ‘

206 3450 342 3518 dilucide
358 3451 506 3540 exposuit
522 3454 714 3524 Aristoteles
734 3455 808 3522 :his
820 3459 929 3522 tamen
948 3459 1063 3542 sponte
1080 3475 1166 3542 saepe
1177 3455 1226 3522 vi-

204 3560 301 3628 detur
316 3561 374 3628 uti.
393 3562 555 3628 Animalia
570 3563 655 3629 enim
675 3563 722 3630 ita
746 3564 920 3642 distribuit,
940 3569 989 3642 ut,
1007 3584 1066 3650 pro
1083 3563 1226 3630 scientiae

205 3668 347 3764 antiquae
365 3673 456 3739 statu
470 3675 504 3738 et
519 3671 722 3757 cognitarum
735 3672 917 3757 specierum
933 3691 1080 3746 numero,
1100 3669 1227 3738 difficile

207 3777 313 3864 aptior
337 3779 416 3846 ordo
440 3778 617 3866 excogitari
633 3779 758 3865 possit:
781 3779 870 3845 nulla
890 3783 978 3846 certe
997 3778 1104 3865 potior
1120 3779 1227 3868 dispo·
1303 3817 1306 3828 ι

207 3885 291 3982 sitio
309 3886 349 3956 ab
371 3885 614 3974 insequentibus
645 3887 829 3955 auctoribus
853 3909 954 3976 usque
980 3887 1022 3956 ad
1044 3887 1228 3960 Cuvierium

207 3981 437 4056 institutasuit.
