3134 4938
544 556 827 624 ·--ae--x

181 701 358 770 viventium
374 701 494 786 legem,
514 720 728 786 quampuper
745 679 990 769 illustraverunt
1006 701 1204 787 amplissima

179 809 310 898 ingania
327 809 443 886 datu,
466 809 869 894 Geoffrop-Sciut-Hilairc,
888 812 1038 894 etquam
1058 811 1209 898 partium¹

179 907 384 986 librationem
408 914 455 1007 (1)
481 919 693 1008 vocaverunt,
719 917 856 985 dilucide
872 917 1020 1003 exposuit
1043 918 1199 1006 Stagirita

180 1030 213 1094 et
240 1046 325 1112 saepe
353 1026 394 1094 ad
420 1025 642 1111 explicandam
670 1025 855 1092 animalium
880 1028 1076 1094 structuram
1106 1025 1198 1094 adhi-

180 1135 261 1204 linit.

226 1245 316 1312 Inter
340 1242 470 1319 Mollia,
497 1242 562 1309 alia
576 1295 584 1321 ‚
597 1248 647 1311 ut
676 1243 833 1332 polypus,
859 1264 975 1332 corpus
1002 1263 1138 1330 parvum
1166 1249 1200 1312 et

180 1351 277 1440 pedes
295 1372 447 1438 magnos,
465 1350 529 1417 alia
550 1354 679 1428 contra,
703 1356 738 1418 ut
755 1351 845 1438 sepia
864 1357 897 1420 et
915 1351 1028 1440 loligo,
1054 1353 1198 1442 corporis

179 1461 295 1528 molem
317 1461 417 1528 multo
441 1459 614 1554 majorem,
644 1460 741 1546 pedes
761 1461 863 1528 multo
891 1460 1031 1527 minores
1054 1461 1195 1540 habent;

179 1568 263 1658 quod
279 1568 468 1658 polyporum
484 1569 612 1655 corpori
628 1572 746 1635 natura
762 1568 911 1656 dempsit,
928 1571 975 1637 ait
989 1570 1193 1649 Aristoteles,

178 1679 211 1746 id
225 1679 343 1767 pedum
357 1678 548 1766 longitudini
564 1677 707 1756 addidit;
726 1699 901 1764 rursusque
917 1679 950 1745 in
965 1679 1074 1766 sepiis,
1097 1679 1196 1765 quod-

177 1808 313 1876 cumque
327 1787 379 1852 his
394 1786 546 1853 membris
561 1786 705 1854 ablatum
720 1786 838 1863 fuerat,
857 1788 997 1874 reliquas
1014 1791 1124 1874 partes
1140 1809 1196 1855 ne-

177 1897 318 1966 cessario
338 1895 429 1964 auxit
444 1892 503 1985 (2).
523 1895 584 1971 Qui
600 1915 641 1961 ex
660 1895 802 1982 piscibus
824 1897 1047 1984 cartilaginem
1069 1901 1196 1966 tantum

178 2005 265 2074 intus
280 2004 417 2079 habent,
437 2024 546 2070 crasso
566 2003 709 2090 duroque
733 2005 852 2097 cortice
875 2005 1068 2092 plerumque·
1084 2007 1197 2074 intecti

179 2117 255 2182 sunt
281 2139 288 2179 ε
315 2113 474 2199 lapideam
498 2111 584 2178 enim
607 2113 777 2180 materiam
799 2113 853 2180 hic
877 2113 1034 2200 impendit
1057 2118 1192 2192 natura,

180 2243 250 2308 quae
266 2223 299 2290 in
316 2242 401 2311 ossa
413 2243 477 2288 non
494 2225 682 2308 consumpta
702 2221 809 2288 fuerat
825 2218 884 2313 (3).
903 2222 989 2290 Aves
1012 2243 1083 2308 quae
1098 2245 1196 2292 carne
1292 2225 1298 2236 ’

180 2334 213 2397 et
228 2330 337 2416 praeda
359 2333 534 2396 vescuntur
550 2328 724 2415 quibusque
744 2334 886 2397 rostrum
908 2331 1083 2411 aduncum,
1110 2352 1195 2417 prae·

180 2439 246 2526 peti
260 2439 369 2506 volatu
384 2439 518 2524 ideaque
535 2438 659 2513 alarum
676 2439 897 2526 magnitudine
912 2439 1070 2517 eminent;
1090 2426 1195 2508 sedin

180 2547 293 2615 iisdem
308 2547 528 2634 proportione
544 2567 659 2633 corpus
675 2548 843 2633 exiguum3
862 2547 896 2613 iu
908 2567 1032 2637 pennas
1047 2547 1143 2624 enim,
1163 2548 1196 2614 in

183 2655 248 2720 cris
264 2657 297 2720 et
310 2655 425 2740 pedum
445 2676 536 2720 arma
551 2655 740 2722 alimentum
755 2654 936 2721 absumitur
951 2676 1012 2741 quo
1028 2655 1061 2720 in
1078 2655 1195 2720 ceteris

182 2753 305 2844 pondus
328 2755 438 2841 augeri
453 2755 553 2831 solet;
573 2757 606 2820 et
625 2743 739 2822 eontra
754 2758 790 2821 ut
810 2775 943 2840 quaeque
964 2754 1033 2820 avis
1055 2755 1196 2820 maxima
1277 2778 1280 2786 ¹

181 2862 324 2950 corporis
339 2861 422 2929 mole
436 2865 587 2949 praestat,
606 2848 653 2928 ita
677 2863 867 2928 decrescunt
889 2862 968 2941 alae,
988 2883 1025 2928 ac
1046 2863 1193 2940 demum,

139 3037 144 3043 .
181 2971 270 3038 utin
295 2971 493 3050 struthione,
520 2971 649 3038 inutiles
674 2970 756 3038 fiunt
772 2969 831 3062 (4).
859 2973 937 3048 Quae
962 2992 1038 3037 vero
1062 2971 1195 3058 pedibus

84 3191 86 3203 ’
179 3210 275 3276 quum
291 3209 402 3256 omnes
417 3188 563 3262 uolucres
580 3209 620 3254 ex
644 3188 756 3256 eadem
778 3192 927 3257 constent
941 3185 1092 3267 materia,
1104 3189 1195 3275 quod

215 3449 249 3512 lli
270 3448 307 3503 Le
316 3443 521 3502 balancemeut
535 3444 588 3504 des
600 3459 736 3520 organas.

214 3567 247 3636 (Ξ)
267 3559 351 3620 Ὥστε
364 3565 418 3628 τοῖς
442 3559 489 3640 μὲν
509 3563 613 3645 ἀφεῖλεν
633 3561 686 3621 ἀπὸ
706 3567 753 3622 τοῦ
775 3559 897 3641 σώματος
918 3559 963 3621 καὶ
981 3562 1044 3646 πρὸς
1059 3562 1090 3622 τὸ
1110 3567 1194 3641 μῆκος

176 3659 229 3716 τῶν
243 3661 329 3719 ποδῶν
350 3657 539 3742 apostatae,
558 3657 646 3742 φύσις·
670 3659 827 3726 ceretani
850 3662 903 3718 τῶν
925 3660 1011 3720 ποδῶν
1034 3658 1196 3720 ludificari

176 3758 256 3835 σῶμα
268 3756 376 3831 ηῶησε.
391 3759 431 3812 De
445 3761 520 3828 pari.
531 3756 618 3813 anim.
628 3759 673 3827 lv,
685 3758 712 3814 9.

215 3882 248 3946 til
268 3881 308 3942 Τὸ
321 3885 416 3961 γεῶδες
429 3885 465 3950 εἰς
478 3882 508 3942 τὸ
523 3880 605 3965 δέρμα
622 3890 674 3941 πᾶν
688 3879 823 3952 ἀνήλωκεν
837 3885 854 3953 ἡ
870 3879 962 3962 φύσις·
980 3881 1036 3960 ἅμα
1050 3879 1077 3942 δὲ
1090 3882 1133 3941 καὶ
1147 3881 1195 3955 τὴν

179 3976 260 4051 αὐτὴν
282 3978 414 4062 ὑπεροχὴν
428 3983 465 4047 εἷς
486 3977 544 4047 τοὺς
561 3977 673 4046 πολλοὺς
690 3976 784 4046 τόπους
803 3981 921 4038 ἀδυνατεῖ
935 3978 1063 4058 διανέμειν
1077 3984 1094 4053 ἡ
1110 3973 1195 4056 φύσις.

180 4079 220 4132 lie
234 4083 308 4146 part
319 4076 408 4134 arrim.
426 4078 460 4147 ll,
476 4078 502 4134 9.
514 4104 546 4116 -
564 4075 647 4147 lbid.,
663 4080 706 4148 lv,
722 4078 766 4133 13.

217 4195 249 4258 ll)
269 4194 307 4249 lle
321 4197 397 4264 part.
414 4165 501 4248 anim.
513 4193 558 4265 lv,
575 4193 618 4249 lt.
696 4199 700 4210 '
