<?xml version="1.0" encoding="UTF-8"?>
<!DOCTYPE html PUBLIC "-//W3C//DTD XHTML 1.0 Transitional//EN"
    "http://www.w3.org/TR/xhtml1/DTD/xhtml1-transitional.dtd">
<html xmlns="http://www.w3.org/1999/xhtml" xml:lang="en" lang="en">
 <head>
  <title>
</title>
<meta http-equiv="Content-Type" content="text/html;charset=utf-8" />
  <meta name='ocr-system' content='tesseract 3.04.00' />
  <meta name='ocr-capabilities' content='ocr_page ocr_carea ocr_par ocr_line ocrx_word'/>
</head>
<body>
  <div class='ocr_page' id='page_1' title='image "./aristotelisphil00philgoog_0061.png"; bbox 0 0 3134 4938; ppageno 0'>
   <div class='ocr_carea' id='block_1_1' title="bbox 775 434 953 512">
    <p class='ocr_par' dir='ltr' id='par_1_1' title="bbox 775 434 953 512">
     <span class='ocr_line' id='line_1_1' title="bbox 775 434 953 512; baseline 0.011 -30"><span class='ocrx_word' id='word_1_1' title='bbox 775 434 953 512; x_wconf 69' lang='lat'>..43-</span> 
     </span>
    </p>
   </div>
   <div class='ocr_carea' id='block_1_2' title="bbox 356 569 1370 666">
    <p class='ocr_par' dir='ltr' id='par_1_2' title="bbox 356 569 1370 666">
     <span class='ocr_line' id='line_1_2' title="bbox 356 569 1370 666; baseline 0.003 -24"><span class='ocrx_word' id='word_1_2' title='bbox 356 571 538 653; x_wconf 82' lang='lat' dir='ltr'>uiuendum,</span> <span class='ocrx_word' id='word_1_3' title='bbox 554 574 664 642; x_wconf 82' lang='lat' dir='ltr'>sedad</span> <span class='ocrx_word' id='word_1_4' title='bbox 679 569 881 644; x_wconf 83' lang='lat' dir='ltr'>sentiendum</span> <span class='ocrx_word' id='word_1_5' title='bbox 893 575 1166 643; x_wconf 87' lang='lat' dir='ltr'>accommodatum</span> <span class='ocrx_word' id='word_1_6' title='bbox 1179 574 1244 666; x_wconf 84' lang='grc'>(1);</span> <span class='ocrx_word' id='word_1_7' title='bbox 1262 581 1295 644; x_wconf 92' lang='lat' dir='ltr'>et</span> <span class='ocrx_word' id='word_1_8' title='bbox 1309 578 1370 654; x_wconf 84' lang='lat' dir='ltr'>hac</span> 
     </span>
    </p>
   </div>
   <div class='ocr_carea' id='block_1_3' title="bbox 356 683 1390 780">
    <p class='ocr_par' dir='ltr' id='par_1_3' title="bbox 356 683 1390 780">
     <span class='ocr_line' id='line_1_3' title="bbox 356 683 1390 780; baseline 0.001 -28"><span class='ocrx_word' id='word_1_9' title='bbox 356 685 465 763; x_wconf 83' lang='lat' dir='ltr'>abdita</span> <span class='ocrx_word' id='word_1_10' title='bbox 479 683 631 750; x_wconf 78' lang='lat' dir='ltr'><strong>facultate</strong></span> <span class='ocrx_word' id='word_1_11' title='bbox 647 683 820 752; x_wconf 88' lang='lat' dir='ltr'>animantis</span> <span class='ocrx_word' id='word_1_12' title='bbox 829 688 1009 780; x_wconf 34' lang='lat' dir='ltr'>‘conceptus</span> <span class='ocrx_word' id='word_1_13' title='bbox 1021 685 1089 772; x_wconf 88' lang='lat' dir='ltr'>jam</span> <span class='ocrx_word' id='word_1_14' title='bbox 1105 705 1125 750; x_wconf 89' lang='lat' dir='ltr'>a</span> <span class='ocrx_word' id='word_1_15' title='bbox 1140 684 1252 771; x_wconf 90' lang='lat' dir='ltr'>planta</span> <span class='ocrx_word' id='word_1_16' title='bbox 1267 707 1369 753; x_wconf 90' lang='lat' dir='ltr'>secer·</span> <span class='ocrx_word' id='word_1_17' title='bbox 1386 683 1390 691; x_wconf 75' lang='grc'>’</span> 
     </span>
    </p>
   </div>
   <div class='ocr_carea' id='block_1_4' title="bbox 296 791 1370 2842">
    <p class='ocr_par' dir='ltr' id='par_1_4' title="bbox 296 791 1370 2842">
     <span class='ocr_line' id='line_1_4' title="bbox 296 791 1369 881; baseline 0.002 -21"><span class='ocrx_word' id='word_1_18' title='bbox 296 837 297 846; x_wconf 25' lang='grc' dir='ltr'><strong>κ</strong></span> <span class='ocrx_word' id='word_1_19' title='bbox 355 793 455 860; x_wconf 88' lang='lat' dir='ltr'>nitur.</span> <span class='ocrx_word' id='word_1_20' title='bbox 474 793 526 860; x_wconf 87' lang='lat' dir='ltr'>Sic</span> <span class='ocrx_word' id='word_1_21' title='bbox 541 791 626 858; x_wconf 92' lang='lat' dir='ltr'>enim</span> <span class='ocrx_word' id='word_1_22' title='bbox 642 793 820 860; x_wconf 78' lang='lat' dir='ltr'>arbitratur</span> <span class='ocrx_word' id='word_1_23' title='bbox 835 793 1038 871; x_wconf 81' lang='lat' dir='ltr'>Aristoteles,</span> <span class='ocrx_word' id='word_1_24' title='bbox 1058 794 1165 860; x_wconf 89' lang='lat' dir='ltr'>omnia</span> <span class='ocrx_word' id='word_1_25' title='bbox 1181 793 1324 881; x_wconf 89' lang='lat' dir='ltr'>corporis</span> <span class='ocrx_word' id='word_1_26' title='bbox 1337 799 1369 862; x_wconf 85' lang='lat' dir='ltr'>et</span> 
     </span>
     <span class='ocr_line' id='line_1_5' title="bbox 356 891 1370 988; baseline 0.001 -19"><span class='ocrx_word' id='word_1_27' title='bbox 356 901 471 969; x_wconf 88' lang='lat' dir='ltr'>animae</span> <span class='ocrx_word' id='word_1_28' title='bbox 494 891 651 968; x_wconf 81' lang='lat' dir='ltr'>elementa</span> <span class='ocrx_word' id='word_1_29' title='bbox 671 901 703 967; x_wconf 86' lang='lat' dir='ltr'>vi</span> <span class='ocrx_word' id='word_1_30' title='bbox 723 905 757 968; x_wconf 93' lang='lat' dir='ltr'>et</span> <span class='ocrx_word' id='word_1_31' title='bbox 776 903 920 988; x_wconf 88' lang='lat' dir='ltr'>potentia</span> <span class='ocrx_word' id='word_1_32' title='bbox 940 902 1045 968; x_wconf 88' lang='lat' dir='ltr'>inesse</span> <span class='ocrx_word' id='word_1_33' title='bbox 1068 902 1255 988; x_wconf 85' lang='lat' dir='ltr'>priusquam</span> <span class='ocrx_word' id='word_1_34' title='bbox 1281 923 1317 969; x_wconf 89' lang='lat' dir='ltr'>re</span> <span class='ocrx_word' id='word_1_35' title='bbox 1337 907 1370 970; x_wconf 89' lang='lat' dir='ltr'>et</span> 
     </span>
     <span class='ocr_line' id='line_1_6' title="bbox 337 1011 1368 1107; baseline 0.005 -32"><span class='ocrx_word' id='word_1_36' title='bbox 337 1029 339 1040; x_wconf 91' lang='lat'>·</span> <span class='ocrx_word' id='word_1_37' title='bbox 355 1015 430 1080; x_wconf 89' lang='lat' dir='ltr'>actu</span> <span class='ocrx_word' id='word_1_38' title='bbox 445 1014 635 1097; x_wconf 80' lang='lat' dir='ltr'>appareant,</span> <span class='ocrx_word' id='word_1_39' title='bbox 654 1014 750 1095; x_wconf 87' lang='lat' dir='ltr'>atque</span> <span class='ocrx_word' id='word_1_40' title='bbox 771 1011 805 1078; x_wconf 92' lang='lat' dir='ltr'>in</span> <span class='ocrx_word' id='word_1_41' title='bbox 820 1014 908 1078; x_wconf 91' lang='lat' dir='ltr'>certo</span> <span class='ocrx_word' id='word_1_42' title='bbox 928 1011 1040 1079; x_wconf 86' lang='lat' dir='ltr'>ordine</span> <span class='ocrx_word' id='word_1_43' title='bbox 1055 1011 1145 1090; x_wconf 90' lang='lat' dir='ltr'>oriri,</span> <span class='ocrx_word' id='word_1_44' title='bbox 1163 1011 1211 1080; x_wconf 89' lang='lat' dir='ltr'>ita</span> <span class='ocrx_word' id='word_1_45' title='bbox 1229 1016 1269 1107; x_wconf 85' lang='lat' dir='ltr'>ut</span> <span class='ocrx_word' id='word_1_46' title='bbox 1285 1013 1368 1098; x_wconf 86' lang='lat' dir='ltr'>quod</span> 
     </span>
     <span class='ocr_line' id='line_1_7' title="bbox 355 1118 1367 1208; baseline 0.004 -24"><span class='ocrx_word' id='word_1_47' title='bbox 355 1118 390 1184; x_wconf 91' lang='lat' dir='ltr'>in</span> <span class='ocrx_word' id='word_1_48' title='bbox 405 1140 502 1186; x_wconf 88' lang='lat' dir='ltr'>causa</span> <span class='ocrx_word' id='word_1_49' title='bbox 518 1123 551 1186; x_wconf 91' lang='lat' dir='ltr'>et</span> <span class='ocrx_word' id='word_1_50' title='bbox 563 1119 704 1186; x_wconf 75' lang='lat' dir='ltr'>essentia</span> <span class='ocrx_word' id='word_1_51' title='bbox 719 1119 857 1205; x_wconf 92' lang='lat' dir='ltr'>primum</span> <span class='ocrx_word' id='word_1_52' title='bbox 873 1121 977 1188; x_wconf 89' lang='lat' dir='ltr'>locum</span> <span class='ocrx_word' id='word_1_53' title='bbox 992 1123 1114 1198; x_wconf 89' lang='lat' dir='ltr'>teneat,</span> <span class='ocrx_word' id='word_1_54' title='bbox 1130 1119 1162 1188; x_wconf 95' lang='lat' dir='ltr'>id</span> <span class='ocrx_word' id='word_1_55' title='bbox 1186 1121 1220 1186; x_wconf 89' lang='lat' dir='ltr'>in</span> <span class='ocrx_word' id='word_1_56' title='bbox 1232 1141 1367 1208; x_wconf 84' lang='lat' dir='ltr'>genera-</span> 
     </span>
     <span class='ocr_line' id='line_1_8' title="bbox 354 1227 1369 1318; baseline 0.003 -24"><span class='ocrx_word' id='word_1_57' title='bbox 354 1227 442 1294; x_wconf 85' lang='lat' dir='ltr'>tione</span> <span class='ocrx_word' id='word_1_58' title='bbox 457 1232 656 1315; x_wconf 89' lang='lat' dir='ltr'>postremum</span> <span class='ocrx_word' id='word_1_59' title='bbox 671 1228 725 1306; x_wconf 85' lang='lat' dir='ltr'>sit,</span> <span class='ocrx_word' id='word_1_60' title='bbox 743 1231 855 1315; x_wconf 82' lang='lat' dir='ltr'>utpote</span> <span class='ocrx_word' id='word_1_61' title='bbox 870 1227 944 1296; x_wconf 84' lang='lat' dir='ltr'>finis</span> <span class='ocrx_word' id='word_1_62' title='bbox 959 1247 967 1307; x_wconf 77' lang='grc'>’;</span> <span class='ocrx_word' id='word_1_63' title='bbox 983 1250 1054 1296; x_wconf 89' lang='lat' dir='ltr'>eam</span> <span class='ocrx_word' id='word_1_64' title='bbox 1070 1251 1141 1296; x_wconf 90' lang='lat' dir='ltr'>esse</span> <span class='ocrx_word' id='word_1_65' title='bbox 1156 1229 1242 1298; x_wconf 87' lang='lat' dir='ltr'>enim</span> <span class='ocrx_word' id='word_1_66' title='bbox 1257 1230 1369 1318; x_wconf 90' lang='lat' dir='ltr'>cuique</span> 
     </span>
     <span class='ocr_line' id='line_1_9' title="bbox 355 1335 1369 1426; baseline 0.002 -24"><span class='ocrx_word' id='word_1_67' title='bbox 355 1337 555 1424; x_wconf 87' lang='lat' dir='ltr'>generationi</span> <span class='ocrx_word' id='word_1_68' title='bbox 577 1335 675 1402; x_wconf 88' lang='lat' dir='ltr'>finem</span> <span class='ocrx_word' id='word_1_69' title='bbox 691 1336 774 1423; x_wconf 90' lang='lat' dir='ltr'>quod</span> <span class='ocrx_word' id='word_1_70' title='bbox 789 1337 903 1424; x_wconf 89' lang='lat' dir='ltr'>cuique</span> <span class='ocrx_word' id='word_1_71' title='bbox 918 1337 1035 1424; x_wconf 87' lang='lat' dir='ltr'>speciei</span> <span class='ocrx_word' id='word_1_72' title='bbox 1050 1338 1190 1407; x_wconf 85' lang='lat' dir='ltr'>maxime</span> <span class='ocrx_word' id='word_1_73' title='bbox 1204 1338 1369 1426; x_wconf 89' lang='lat' dir='ltr'>proprium</span> 
     </span>
     <span class='ocr_line' id='line_1_10' title="bbox 356 1443 1368 1535; baseline 0.003 -23"><span class='ocrx_word' id='word_1_74' title='bbox 356 1445 400 1512; x_wconf 87' lang='lat' dir='ltr'>sit</span> <span class='ocrx_word' id='word_1_75' title='bbox 412 1443 471 1535; x_wconf 84' lang='grc'>(2).</span> <span class='ocrx_word' id='word_1_76' title='bbox 489 1445 602 1531; x_wconf 86' lang='lat' dir='ltr'>Neque</span> <span class='ocrx_word' id='word_1_77' title='bbox 614 1444 714 1533; x_wconf 87' lang='lat' dir='ltr'>igitur</span> <span class='ocrx_word' id='word_1_78' title='bbox 727 1467 836 1512; x_wconf 89' lang='lat' dir='ltr'>omncs</span> <span class='ocrx_word' id='word_1_79' title='bbox 849 1446 993 1532; x_wconf 91' lang='lat' dir='ltr'>corporis</span> <span class='ocrx_word' id='word_1_80' title='bbox 1005 1451 1115 1533; x_wconf 84' lang='lat' dir='ltr'>partes</span> <span class='ocrx_word' id='word_1_81' title='bbox 1127 1447 1221 1514; x_wconf 88' lang='lat' dir='ltr'>simul</span> <span class='ocrx_word' id='word_1_82' title='bbox 1232 1467 1368 1515; x_wconf 87' lang='lat' dir='ltr'>nascun-</span> 
     </span>
     <span class='ocr_line' id='line_1_11' title="bbox 354 1554 1368 1642; baseline 0.001 -21"><span class='ocrx_word' id='word_1_83' title='bbox 354 1557 419 1632; x_wconf 86' lang='lat' dir='ltr'>tur,</span> <span class='ocrx_word' id='word_1_84' title='bbox 439 1574 554 1639; x_wconf 83' lang='lat' dir='ltr'>neqne,</span> <span class='ocrx_word' id='word_1_85' title='bbox 582 1573 678 1640; x_wconf 91' lang='lat' dir='ltr'>quum</span> <span class='ocrx_word' id='word_1_86' title='bbox 702 1574 859 1641; x_wconf 89' lang='lat' dir='ltr'>apparere</span> <span class='ocrx_word' id='word_1_87' title='bbox 882 1554 1049 1642; x_wconf 88' lang='lat' dir='ltr'>incipiunt,</span> <span class='ocrx_word' id='word_1_88' title='bbox 1072 1556 1247 1642; x_wconf 85' lang='lat' dir='ltr'>perfectam</span> <span class='ocrx_word' id='word_1_89' title='bbox 1273 1560 1368 1642; x_wconf 90' lang='lat' dir='ltr'>atque</span> 
     </span>
     <span class='ocr_line' id='line_1_12' title="bbox 355 1661 1366 1755; baseline 0.003 -27"><span class='ocrx_word' id='word_1_90' title='bbox 355 1662 483 1728; x_wconf 91' lang='lat' dir='ltr'>omnino</span> <span class='ocrx_word' id='word_1_91' title='bbox 496 1681 683 1748; x_wconf 84' lang='lat' dir='ltr'>expressam</span> <span class='ocrx_word' id='word_1_92' title='bbox 694 1661 832 1750; x_wconf 83' lang='lat' dir='ltr'>figuram</span> <span class='ocrx_word' id='word_1_93' title='bbox 842 1661 974 1729; x_wconf 91' lang='lat' dir='ltr'>habent.</span> <span class='ocrx_word' id='word_1_94' title='bbox 988 1664 1051 1731; x_wconf 86' lang='lat' dir='ltr'>Cor</span> <span class='ocrx_word' id='word_1_95' title='bbox 1061 1663 1200 1755; x_wconf 87' lang='lat' dir='ltr'>primum</span> <span class='ocrx_word' id='word_1_96' title='bbox 1212 1663 1366 1744; x_wconf 90' lang='lat' dir='ltr'>cernitur,</span> 
     </span>
     <span class='ocr_line' id='line_1_13' title="bbox 355 1769 1368 1858; baseline -0.001 -19"><span class='ocrx_word' id='word_1_97' title='bbox 355 1772 446 1857; x_wconf 90' lang='lat' dir='ltr'>quasi</span> <span class='ocrx_word' id='word_1_98' title='bbox 472 1771 548 1838; x_wconf 85' lang='lat' dir='ltr'>vitae</span> <span class='ocrx_word' id='word_1_99' title='bbox 568 1769 779 1856; x_wconf 72' lang='lat' dir='ltr'>principium,</span> <span class='ocrx_word' id='word_1_100' title='bbox 794 1771 868 1838; x_wconf 90' lang='lat' dir='ltr'>inde</span> <span class='ocrx_word' id='word_1_101' title='bbox 891 1770 1043 1839; x_wconf 90' lang='lat' dir='ltr'>continua</span> <span class='ocrx_word' id='word_1_102' title='bbox 1060 1770 1183 1838; x_wconf 83' lang='lat' dir='ltr'>cerebri</span> <span class='ocrx_word' id='word_1_103' title='bbox 1207 1776 1241 1841; x_wconf 92' lang='lat' dir='ltr'>et</span> <span class='ocrx_word' id='word_1_104' title='bbox 1256 1772 1368 1858; x_wconf 88' lang='lat' dir='ltr'>capitis</span> 
     </span>
     <span class='ocr_line' id='line_1_14' title="bbox 355 1879 1370 1968; baseline 0.002 -22"><span class='ocrx_word' id='word_1_105' title='bbox 355 1880 533 1968; x_wconf 84' lang='lat' dir='ltr'>generatio,</span> <span class='ocrx_word' id='word_1_106' title='bbox 552 1879 635 1965; x_wconf 93' lang='lat' dir='ltr'>quod</span> <span class='ocrx_word' id='word_1_107' title='bbox 652 1879 778 1965; x_wconf 91' lang='lat' dir='ltr'>quidem</span> <span class='ocrx_word' id='word_1_108' title='bbox 794 1879 830 1946; x_wconf 93' lang='lat' dir='ltr'>in</span> <span class='ocrx_word' id='word_1_109' title='bbox 843 1880 1005 1966; x_wconf 90' lang='lat' dir='ltr'>plerisque</span> <span class='ocrx_word' id='word_1_110' title='bbox 1015 1879 1235 1968; x_wconf 85' lang='lat' dir='ltr'>magnitudine</span> <span class='ocrx_word' id='word_1_111' title='bbox 1251 1884 1370 1948; x_wconf 87' lang='lat' dir='ltr'>caetera</span> 
     </span>
     <span class='ocr_line' id='line_1_15' title="bbox 354 1989 1368 2076; baseline 0 -20"><span class='ocrx_word' id='word_1_112' title='bbox 354 1989 409 2056; x_wconf 91' lang='lat' dir='ltr'>diu</span> <span class='ocrx_word' id='word_1_113' title='bbox 425 2010 580 2076; x_wconf 89' lang='lat' dir='ltr'>superans</span> <span class='ocrx_word' id='word_1_114' title='bbox 598 2010 670 2056; x_wconf 88' lang='lat' dir='ltr'>cum</span> <span class='ocrx_word' id='word_1_115' title='bbox 686 1989 860 2076; x_wconf 86' lang='lat' dir='ltr'>grandibus</span> <span class='ocrx_word' id='word_1_116' title='bbox 876 1989 976 2056; x_wconf 90' lang='lat' dir='ltr'>oculis</span> <span class='ocrx_word' id='word_1_117' title='bbox 992 1989 1111 2057; x_wconf 92' lang='lat' dir='ltr'>eminet</span> <span class='ocrx_word' id='word_1_118' title='bbox 1125 2015 1133 2068; x_wconf 90' lang='lat'>;</span> <span class='ocrx_word' id='word_1_119' title='bbox 1151 1994 1221 2058; x_wconf 92' lang='lat' dir='ltr'>tum</span> <span class='ocrx_word' id='word_1_120' title='bbox 1237 1990 1368 2058; x_wconf 89' lang='lat' dir='ltr'>interio-</span> 
     </span>
     <span class='ocr_line' id='line_1_16' title="bbox 354 2081 1366 2189; baseline 0.003 -25"><span class='ocrx_word' id='word_1_121' title='bbox 354 2119 407 2164; x_wconf 87' lang='lat' dir='ltr'>res</span> <span class='ocrx_word' id='word_1_122' title='bbox 424 2098 572 2184; x_wconf 82' lang='lat' dir='ltr'>deinceps</span> <span class='ocrx_word' id='word_1_123' title='bbox 585 2097 733 2164; x_wconf 91' lang='lat' dir='ltr'>0riuntur</span> <span class='ocrx_word' id='word_1_124' title='bbox 748 2101 869 2183; x_wconf 84' lang='lat' dir='ltr'>partes,</span> <span class='ocrx_word' id='word_1_125' title='bbox 885 2081 962 2165; x_wconf 88' lang='lat' dir='ltr'>tunc</span> <span class='ocrx_word' id='word_1_126' title='bbox 978 2099 1104 2166; x_wconf 90' lang='lat' dir='ltr'>demum</span> <span class='ocrx_word' id='word_1_127' title='bbox 1116 2098 1293 2166; x_wconf 83' lang='lat' dir='ltr'>exteriores</span> <span class='ocrx_word' id='word_1_128' title='bbox 1306 2096 1366 2189; x_wconf 80' lang='lat'><strong>(3).</strong></span> 
     </span>
     <span class='ocr_line' id='line_1_17' title="bbox 358 2205 1369 2294; baseline -0.002 -19"><span class='ocrx_word' id='word_1_129' title='bbox 358 2238 372 2261; x_wconf 71' lang='lat' dir='ltr'>u</span> <span class='ocrx_word' id='word_1_130' title='bbox 400 2207 463 2275; x_wconf 87' lang='lat' dir='ltr'>Sed</span> <span class='ocrx_word' id='word_1_131' title='bbox 486 2210 624 2283; x_wconf 86' lang='lat' dir='ltr'>cunctae,</span> <span class='ocrx_word' id='word_1_132' title='bbox 644 2205 690 2274; x_wconf 89' lang='lat' dir='ltr'>ait</span> <span class='ocrx_word' id='word_1_133' title='bbox 708 2206 913 2285; x_wconf 82' lang='lat' dir='ltr'>Aristoteles,</span> <span class='ocrx_word' id='word_1_134' title='bbox 937 2207 1075 2294; x_wconf 88' lang='lat' dir='ltr'>primum</span> <span class='ocrx_word' id='word_1_135' title='bbox 1099 2206 1311 2274; x_wconf 84' lang='lat' dir='ltr'>exterioribus</span> <span class='ocrx_word' id='word_1_136' title='bbox 1333 2206 1369 2273; x_wconf 93' lang='lat' dir='ltr'>li-</span> 
     </span>
     <span class='ocr_line' id='line_1_18' title="bbox 355 2313 1369 2402; baseline -0.001 -20"><span class='ocrx_word' id='word_1_137' title='bbox 355 2315 533 2382; x_wconf 89' lang='lat' dir='ltr'>neamentis</span> <span class='ocrx_word' id='word_1_138' title='bbox 559 2319 686 2383; x_wconf 86' lang='lat' dir='ltr'>tantum</span> <span class='ocrx_word' id='word_1_139' title='bbox 708 2313 951 2392; x_wconf 86' lang='lat' dir='ltr'>adumbrantur,</span> <span class='ocrx_word' id='word_1_140' title='bbox 982 2336 1053 2402; x_wconf 88' lang='lat' dir='ltr'>quae</span> <span class='ocrx_word' id='word_1_141' title='bbox 1076 2315 1236 2402; x_wconf 85' lang='lat' dir='ltr'>posterius</span> <span class='ocrx_word' id='word_1_142' title='bbox 1260 2315 1369 2382; x_wconf 89' lang='lat' dir='ltr'>distin-</span> 
     </span>
     <span class='ocr_line' id='line_1_19' title="bbox 355 2423 1367 2512; baseline -0.001 -21"><span class='ocrx_word' id='word_1_143' title='bbox 355 2429 495 2512; x_wconf 87' lang='lat' dir='ltr'>guentur</span> <span class='ocrx_word' id='word_1_144' title='bbox 515 2423 686 2502; x_wconf 73' lang='lat' dir='ltr'>coloribus</span> <span class='ocrx_word' id='word_1_145' title='bbox 704 2423 838 2490; x_wconf 91' lang='lat' dir='ltr'>mollitie</span> <span class='ocrx_word' id='word_1_146' title='bbox 861 2423 912 2490; x_wconf 90' lang='lat' dir='ltr'>vel</span> <span class='ocrx_word' id='word_1_147' title='bbox 933 2423 1062 2500; x_wconf 88' lang='lat' dir='ltr'>duritie,</span> <span class='ocrx_word' id='word_1_148' title='bbox 1084 2429 1117 2493; x_wconf 89' lang='lat' dir='ltr'>et</span> <span class='ocrx_word' id='word_1_149' title='bbox 1139 2423 1286 2510; x_wconf 89' lang='lat' dir='ltr'>proprias</span> <span class='ocrx_word' id='word_1_150' title='bbox 1303 2423 1367 2490; x_wconf 89' lang='lat' dir='ltr'>cui-</span> 
     </span>
     <span class='ocr_line' id='line_1_20' title="bbox 356 2531 1367 2619; baseline -0.002 -19"><span class='ocrx_word' id='word_1_151' title='bbox 356 2554 415 2619; x_wconf 88' lang='lat' dir='ltr'>que</span> <span class='ocrx_word' id='word_1_152' title='bbox 442 2534 656 2601; x_wconf 89' lang='lat' dir='ltr'>instrumento</span> <span class='ocrx_word' id='word_1_153' title='bbox 685 2537 833 2600; x_wconf 85' lang='lat' dir='ltr'>texturas</span> <span class='ocrx_word' id='word_1_154' title='bbox 860 2532 1028 2619; x_wconf 87' lang='lat' dir='ltr'>accipient.</span> <span class='ocrx_word' id='word_1_155' title='bbox 1057 2533 1108 2598; x_wconf 91' lang='lat' dir='ltr'>Ut</span> <span class='ocrx_word' id='word_1_156' title='bbox 1128 2531 1233 2618; x_wconf 89' lang='lat' dir='ltr'>pictor</span> <span class='ocrx_word' id='word_1_157' title='bbox 1259 2553 1367 2600; x_wconf 91' lang='lat' dir='ltr'>rerum</span> 
     </span>
     <span class='ocr_line' id='line_1_21' title="bbox 355 2625 1367 2730; baseline -0.003 -21"><span class='ocrx_word' id='word_1_158' title='bbox 355 2641 477 2730; x_wconf 84' lang='lat' dir='ltr'>effigies</span> <span class='ocrx_word' id='word_1_159' title='bbox 500 2642 593 2709; x_wconf 91' lang='lat' dir='ltr'>lineis</span> <span class='ocrx_word' id='word_1_160' title='bbox 611 2641 749 2728; x_wconf 91' lang='lat' dir='ltr'>primum</span> <span class='ocrx_word' id='word_1_161' title='bbox 772 2625 1014 2719; x_wconf 86' lang='lat' dir='ltr'>circumscribit,</span> <span class='ocrx_word' id='word_1_162' title='bbox 1034 2661 1113 2727; x_wconf 87' lang='lat' dir='ltr'>quas</span> <span class='ocrx_word' id='word_1_163' title='bbox 1132 2640 1246 2708; x_wconf 89' lang='lat' dir='ltr'>deinde</span> <span class='ocrx_word' id='word_1_164' title='bbox 1269 2639 1367 2708; x_wconf 84' lang='lat' dir='ltr'>variis</span> 
     </span>
     <span class='ocr_line' id='line_1_22' title="bbox 356 2748 1368 2842; baseline -0.001 -25"><span class='ocrx_word' id='word_1_165' title='bbox 356 2750 515 2817; x_wconf 88' lang='lat' dir='ltr'>coloribus</span> <span class='ocrx_word' id='word_1_166' title='bbox 542 2748 656 2829; x_wconf 86' lang='lat' dir='ltr'>itlinet,</span> <span class='ocrx_word' id='word_1_167' title='bbox 680 2749 726 2816; x_wconf 88' lang='lat' dir='ltr'>sic</span> <span class='ocrx_word' id='word_1_168' title='bbox 744 2753 861 2817; x_wconf 91' lang='lat' dir='ltr'>natura</span> <span class='ocrx_word' id='word_1_169' title='bbox 881 2749 1068 2816; x_wconf 90' lang='lat' dir='ltr'>animalium</span> <span class='ocrx_word' id='word_1_170' title='bbox 1082 2753 1190 2836; x_wconf 87' lang='lat' dir='ltr'>partes</span> <span class='ocrx_word' id='word_1_171' title='bbox 1209 2748 1368 2842; x_wconf 77' lang='lat' dir='ltr'>gradatim</span> 
     </span>
    </p>
   </div>
   <div class='ocr_carea' id='block_1_5' title="bbox 255 2857 1481 3059">
    <p class='ocr_par' dir='ltr' id='par_1_5' title="bbox 255 2857 1481 3059">
     <span class='ocr_line' id='line_1_23' title="bbox 355 2857 1481 2943; baseline -0.002 -19"><span class='ocrx_word' id='word_1_172' title='bbox 355 2859 395 2924; x_wconf 89' lang='lat' dir='ltr'>ab</span> <span class='ocrx_word' id='word_1_173' title='bbox 411 2857 540 2936; x_wconf 86' lang='lat' dir='ltr'>informi</span> <span class='ocrx_word' id='word_1_174' title='bbox 557 2857 693 2926; x_wconf 90' lang='lat' dir='ltr'>materia</span> <span class='ocrx_word' id='word_1_175' title='bbox 710 2857 849 2943; x_wconf 92' lang='lat' dir='ltr'>primum</span> <span class='ocrx_word' id='word_1_176' title='bbox 873 2857 1026 2925; x_wconf 82' lang='lat' dir='ltr'>exteriori</span> <span class='ocrx_word' id='word_1_177' title='bbox 1042 2857 1255 2942; x_wconf 87' lang='lat' dir='ltr'>descriptione</span> <span class='ocrx_word' id='word_1_178' title='bbox 1270 2877 1369 2942; x_wconf 87' lang='lat' dir='ltr'>eaque</span> <span class='ocrx_word' id='word_1_179' title='bbox 1475 2863 1481 2872; x_wconf 90' lang='lat'>&#39;</span> 
     </span>
     <span class='ocr_line' id='line_1_24' title="bbox 255 2965 1366 3059; baseline -0.003 -24"><span class='ocrx_word' id='word_1_180' title='bbox 255 2971 257 2978; x_wconf 81' lang='grc'>’</span> <span class='ocrx_word' id='word_1_181' title='bbox 355 2967 427 3035; x_wconf 92' lang='lat' dir='ltr'>rudi</span> <span class='ocrx_word' id='word_1_182' title='bbox 444 2987 481 3032; x_wconf 91' lang='lat' dir='ltr'>ac</span> <span class='ocrx_word' id='word_1_183' title='bbox 505 2966 654 3054; x_wconf 90' lang='lat' dir='ltr'>deinceps</span> <span class='ocrx_word' id='word_1_184' title='bbox 677 2965 887 3046; x_wconf 87' lang='lat' dir='ltr'>immutanda,</span> <span class='ocrx_word' id='word_1_185' title='bbox 907 2966 1034 3034; x_wconf 89' lang='lat' dir='ltr'>demum</span> <span class='ocrx_word' id='word_1_186' title='bbox 1049 2965 1195 3059; x_wconf 88' lang='lat' dir='ltr'>interiori</span> <span class='ocrx_word' id='word_1_187' title='bbox 1212 2965 1366 3053; x_wconf 88' lang='lat' dir='ltr'>composi-</span> 
     </span>
    </p>
   </div>
   <div class='ocr_carea' id='block_1_6' title="bbox 301 3073 1373 3597">
    <p class='ocr_par' dir='ltr' id='par_1_6' title="bbox 302 3073 1008 3166">
     <span class='ocr_line' id='line_1_25' title="bbox 302 3073 1008 3166; baseline -0.004 -22"><span class='ocrx_word' id='word_1_188' title='bbox 302 3081 303 3086; x_wconf 75' lang='grc'>’</span> <span class='ocrx_word' id='word_1_189' title='bbox 355 3077 443 3144; x_wconf 91' lang='lat' dir='ltr'>tione</span> <span class='ocrx_word' id='word_1_190' title='bbox 460 3077 599 3143; x_wconf 87' lang='lat' dir='ltr'>secernit</span> <span class='ocrx_word' id='word_1_191' title='bbox 615 3073 714 3166; x_wconf 82' lang='lat'><strong>(4).</strong></span> <span class='ocrx_word' id='word_1_192' title='bbox 1004 3145 1008 3149; x_wconf 71' lang='grc'><strong><em>,</em></strong></span> 
     </span>
    </p>

    <p class='ocr_par' dir='ltr' id='par_1_7' title="bbox 301 3182 1370 3486">
     <span class='ocr_line' id='line_1_26' title="bbox 308 3182 1370 3269; baseline -0.002 -19"><span class='ocrx_word' id='word_1_193' title='bbox 308 3223 310 3236; x_wconf 90' lang='lat'><em>·</em></span> <span class='ocrx_word' id='word_1_194' title='bbox 400 3185 492 3250; x_wconf 90' lang='lat' dir='ltr'>Unde</span> <span class='ocrx_word' id='word_1_195' title='bbox 504 3184 596 3250; x_wconf 85' lang='lat' dir='ltr'>facile</span> <span class='ocrx_word' id='word_1_196' title='bbox 613 3183 802 3251; x_wconf 89' lang='lat' dir='ltr'>concludere</span> <span class='ocrx_word' id='word_1_197' title='bbox 817 3183 934 3251; x_wconf 89' lang='lat' dir='ltr'>licebat</span> <span class='ocrx_word' id='word_1_198' title='bbox 920 3188 990 3251; x_wconf 88' lang='lat' dir='ltr'>tex</span> <span class='ocrx_word' id='word_1_199' title='bbox 1002 3183 1134 3250; x_wconf 90' lang='lat' dir='ltr'>minima</span> <span class='ocrx_word' id='word_1_200' title='bbox 1149 3182 1183 3250; x_wconf 92' lang='lat' dir='ltr'>in</span> <span class='ocrx_word' id='word_1_201' title='bbox 1195 3183 1259 3250; x_wconf 88' lang='lat' dir='ltr'>his</span> <span class='ocrx_word' id='word_1_202' title='bbox 1258 3183 1370 3269; x_wconf 89' lang='lat' dir='ltr'>primis</span> 
     </span>
     <span class='ocr_line' id='line_1_27' title="bbox 355 3290 1370 3380; baseline 0 -22"><span class='ocrx_word' id='word_1_203' title='bbox 355 3296 489 3380; x_wconf 87' lang='lat' dir='ltr'>generat</span> <span class='ocrx_word' id='word_1_204' title='bbox 490 3293 571 3359; x_wconf 89' lang='lat' dir='ltr'>ionis</span> <span class='ocrx_word' id='word_1_205' title='bbox 590 3291 729 3359; x_wconf 87' lang='lat' dir='ltr'>exordiis</span> <span class='ocrx_word' id='word_1_206' title='bbox 749 3291 862 3359; x_wconf 88' lang='lat' dir='ltr'>mutat</span> <span class='ocrx_word' id='word_1_207' title='bbox 819 3297 926 3359; x_wconf 88' lang='lat' dir='ltr'>abone</span> <span class='ocrx_word' id='word_1_208' title='bbox 950 3291 1107 3358; x_wconf 87' lang='lat' dir='ltr'>maximas</span> <span class='ocrx_word' id='word_1_209' title='bbox 1122 3291 1156 3357; x_wconf 92' lang='lat' dir='ltr'>in</span> <span class='ocrx_word' id='word_1_210' title='bbox 1171 3290 1370 3358; x_wconf 90' lang='lat' dir='ltr'>informatio-</span> 
     </span>
     <span class='ocr_line' id='line_1_28' title="bbox 301 3398 1370 3486; baseline -0.007 -15"><span class='ocrx_word' id='word_1_211' title='bbox 301 3435 306 3453; x_wconf 37' lang='grc' dir='ltr'>κ</span> <span class='ocrx_word' id='word_1_212' title='bbox 354 3402 405 3471; x_wconf 90' lang='lat' dir='ltr'>nis</span> <span class='ocrx_word' id='word_1_213' title='bbox 424 3401 562 3470; x_wconf 92' lang='lat' dir='ltr'>termino</span> <span class='ocrx_word' id='word_1_214' title='bbox 591 3399 749 3468; x_wconf 84' lang='lat' dir='ltr'>different</span> <span class='ocrx_word' id='word_1_215' title='bbox 726 3405 789 3468; x_wconf 82' lang='lat' dir='ltr'>tras</span> <span class='ocrx_word' id='word_1_216' title='bbox 809 3399 902 3468; x_wconf 87' lang='lat' dir='ltr'>effici</span> <span class='ocrx_word' id='word_1_217' title='bbox 930 3399 981 3468; x_wconf 89' lang='lat' dir='ltr'>Sic</span> <span class='ocrx_word' id='word_1_218' title='bbox 1002 3400 1148 3486; x_wconf 87' lang='lat' dir='ltr'>equidem</span> <span class='ocrx_word' id='word_1_219' title='bbox 1176 3398 1370 3466; x_wconf 85' lang='lat' dir='ltr'>Aristoteles</span> 
     </span>
    </p>

    <p class='ocr_par' dir='ltr' id='par_1_8' title="bbox 322 3505 1373 3597">
     <span class='ocr_line' id='line_1_29' title="bbox 322 3505 1373 3597; baseline -0.005 -20"><span class='ocrx_word' id='word_1_220' title='bbox 322 3535 324 3540; x_wconf 94' lang='lat'>·</span> <span class='ocrx_word' id='word_1_221' title='bbox 354 3511 425 3578; x_wconf 87' lang='lat' dir='ltr'>illas</span> <span class='ocrx_word' id='word_1_222' title='bbox 438 3531 523 3597; x_wconf 86' lang='lat' dir='ltr'>saepe</span> <span class='ocrx_word' id='word_1_223' title='bbox 538 3511 625 3578; x_wconf 83' lang='lat' dir='ltr'>inter</span> <span class='ocrx_word' id='word_1_224' title='bbox 640 3531 674 3578; x_wconf 89' lang='lat' dir='ltr'>se</span> <span class='ocrx_word' id='word_1_225' title='bbox 690 3509 924 3578; x_wconf 88' lang='lat' dir='ltr'>diversissimas</span> <span class='ocrx_word' id='word_1_226' title='bbox 944 3508 1111 3594; x_wconf 86' lang='lat' dir='ltr'>utriusque</span> <span class='ocrx_word' id='word_1_227' title='bbox 1134 3528 1230 3575; x_wconf 84' lang='lat' dir='ltr'>sexus</span> <span class='ocrx_word' id='word_1_228' title='bbox 1253 3505 1373 3574; x_wconf 78' lang='lat' dir='ltr'>formas</span> 
     </span>
    </p>
   </div>
   <div class='ocr_carea' id='block_1_7' title="bbox 295 3748 791 4140">
    <p class='ocr_par' dir='ltr' id='par_1_9' title="bbox 391 3748 791 3930">
     <span class='ocr_line' id='line_1_30' title="bbox 391 3748 791 3826; baseline -0.02 -11"><span class='ocrx_word' id='word_1_229' title='bbox 391 3756 423 3826; x_wconf 76' lang='lat' dir='ltr'>(tt</span> <span class='ocrx_word' id='word_1_230' title='bbox 445 3753 485 3810; x_wconf 84' lang='lat' dir='ltr'>Da</span> <span class='ocrx_word' id='word_1_231' title='bbox 495 3765 594 3825; x_wconf 84' lang='lat' dir='ltr'>gener.</span> <span class='ocrx_word' id='word_1_232' title='bbox 609 3748 698 3809; x_wconf 86' lang='lat' dir='ltr'>anim.</span> <span class='ocrx_word' id='word_1_233' title='bbox 715 3751 781 3816; x_wconf 85' lang='lat' dir='ltr'>n,</span> <span class='ocrx_word' id='word_1_234' title='bbox 764 3771 791 3806; x_wconf 72' lang='lat' dir='ltr'>a</span> 
     </span>
     <span class='ocr_line' id='line_1_31' title="bbox 392 3857 620 3930; baseline -0.009 -12"><span class='ocrx_word' id='word_1_235' title='bbox 392 3863 427 3926; x_wconf 69' lang='lat' dir='ltr'>rr)</span> <span class='ocrx_word' id='word_1_236' title='bbox 447 3857 574 3930; x_wconf 83' lang='lat' dir='ltr'>1bid.,o.</span> <span class='ocrx_word' id='word_1_237' title='bbox 592 3859 620 3916; x_wconf 84' lang='grc'>3.</span> 
     </span>
    </p>

    <p class='ocr_par' dir='ltr' id='par_1_10' title="bbox 295 3963 612 4036">
     <span class='ocr_line' id='line_1_32' title="bbox 295 3963 612 4036; baseline -0.022 -9"><span class='ocrx_word' id='word_1_238' title='bbox 295 3964 297 3972; x_wconf 77' lang='grc'>’</span> <span class='ocrx_word' id='word_1_239' title='bbox 393 3968 427 4034; x_wconf 67' lang='grc'>(3)</span> <span class='ocrx_word' id='word_1_240' title='bbox 446 3963 570 4036; x_wconf 88' lang='lat' dir='ltr'>lbid.,c.</span> <span class='ocrx_word' id='word_1_241' title='bbox 586 3967 612 4021; x_wconf 90' lang='grc'>6.</span> 
     </span>
    </p>

    <p class='ocr_par' dir='ltr' id='par_1_11' title="bbox 393 4069 519 4140">
     <span class='ocr_line' id='line_1_33' title="bbox 393 4069 519 4140; baseline 0 -10"><span class='ocrx_word' id='word_1_242' title='bbox 393 4077 428 4140; x_wconf 69' lang='lat' dir='ltr'>(et</span> <span class='ocrx_word' id='word_1_243' title='bbox 447 4069 519 4130; x_wconf 90' lang='lat' dir='ltr'>lbid.</span> 
     </span>
    </p>
   </div>
   <div class='ocr_carea' id='block_1_8' title="bbox 0 0 1572 4932">
    <p class='ocr_par' dir='ltr' id='par_1_12' title="bbox 0 0 1572 4932">
     <span class='ocr_line' id='line_1_34' title="bbox 0 0 1572 4932; baseline 0 0"><span class='ocrx_word' id='word_1_244' title='bbox 0 0 1572 4932; x_wconf 95' lang='lat' dir='ltr'> </span> 
     </span>
    </p>
   </div>
  </div>
 </body>
</html>
