3134 4938
786 573 965 638 ..40ss

305 765 308 772 -
368 718 502 785 caudam
518 735 636 802 augere
660 717 834 803 potuisset,
853 715 985 802 pedibus
1006 717 1149 785 additum
1166 737 1220 784 eos
1244 720 1382 804 praelon-

368 825 457 915 gavit
472 822 531 915 (1).
555 825 621 892 Cur
638 824 724 891 inter
740 825 960 912 quadrupedes
977 845 1023 892 eae
1040 847 1110 911 quae
1127 827 1292 894 ruminant
1312 848 1382 893 eor-

368 935 489 1022 nigerae
506 933 602 1000 sunt?
619 933 723 1020 Hujus
739 933 786 999 rei
802 954 932 1000 oausam
944 953 984 1000 ex
1000 935 1110 1001 eodem
1123 935 1279 1022 prinoipio
1296 936 1384 1003 ducit

368 1042 572 1112 Aristoteles.
600 1043 704 1118 Quum
729 1043 813 1109 enim
841 1043 904 1110 illae
930 1043 1042 1129 quibus
1071 1045 1178 1130 plures
1204 1045 1296 1131 digiti
1324 1046 1384 1112 hoe

367 1153 518 1241 'praesidio
542 1173 608 1219 non
624 1154 756 1238 egeant,
781 1172 821 1218 ex
837 1152 882 1218 eis
906 1173 1040 1238 quarum
1056 1173 1113 1239 pes
1132 1153 1383 1240 ungulaintegi·

369 1267 442 1339 tur,
468 1260 545 1328 solae
572 1260 772 1329 ruminantes
799 1261 947 1328 dentibus
974 1261 1168 1348 primoribus
1191 1263 1225 1328 in
1252 1263 1384 1329 maxilla

370 1372 535 1459 superiore
550 1375 662 1438 carent
681 1395 688 1435 :
708 1391 748 1436 ex
763 1370 824 1436 hac
847 1370 947 1458 igitur
970 1374 1062 1457 parte
1084 1374 1202 1460 natura
1217 1373 1385 1439 materiam

371 1481 515 1558 abstulit,
534 1501 628 1565 quam
644 1479 742 1547 fronti
759 1479 925 1546 adhiberet
941 1478 1000 1570 (2).
1025 1480 1108 1556 Quid
1123 1481 1237 1567 plural
1254 1481 1398 1559 Nullum,

370 1588 561 1677 principium
581 1588 778 1674 frequentius
795 1593 930 1675 usurpat
946 1589 1101 1676 Stagirita
1120 1617 1126 1656 :
1146 1590 1267 1656 nullum
1289 1591 1386 1657 etiam

372 1700 489 1767 clarius
513 1701 648 1786 apparet
670 1698 704 1763 in
720 1697 936 1765 subtilissimis
952 1680 1073 1765 nostrae
1098 1699 1203 1766 aetatis
1220 1702 1386 1765 auctorum

372 1807 688 1896 investigationibus,
716 1807 783 1874 sive
808 1806 935 1873 diversa
955 1807 1139 1874 animalium
1163 1829 1300 1894 genera,
1320 1808 1386 1874 sive

372 1917 571 2006 singulorum
596 1917 739 1983 diversas
767 1919 876 2002 partes
907 1922 1112 2002 comparent,
1143 1919 1209 1984 sive
1237 1917 1387 2004 cujusque

373 2027 545 2094 animantis
570 2025 811 2114 generationem
827 2029 1061 2111 persequantur
1075 2025 1244 2112 variasque
1267 2026 1387 2114 figuras

374 2158 452 2223 quas
477 2157 498 2202 a
521 2135 623 2222 primo
648 2134 788 2219 partium
811 2133 956 2200 vitalium
981 2136 1053 2200 ortu
1074 2125 1195 2212 induit,
1223 2135 1322 2202 donec
1347 2137 1388 2202 ad

319 2324 323 2338 f
374 2246 548 2335 perfectam
564 2265 630 2311 suae
647 2243 764 2329 speciei
780 2243 915 2310 sormam
930 2243 1108 2329 perveniat.

461 2345 462 2348 ¹
875 2347 881 2376 Ι
1131 2369 1134 2374 .

419 2455 460 2521 V.
489 2453 551 2521 Sed
574 2451 648 2520 huic
675 2450 831 2539 principio
855 2452 992 2518 alterum
1014 2453 1225 2532 connectitur,
1253 2454 1337 2539 quod
1356 2455 1389 2520 in

338 2632 342 2639 ,
375 2567 500 2632 naturae
516 2561 784 2650 interpretatione
797 2581 862 2628 non
877 2561 982 2628 minus
997 2562 1101 2641 valet;
1120 2562 1198 2630 illud
1214 2563 1335 2630 scilieet
1349 2563 1390 2629 de
1440 2563 1446 2578 '

377 2694 437 2761 quo
454 2664 610 2760 praeclare
631 2671 805 2738 Linnaeus:
827 2671 953 2737 Natura
972 2691 1037 2736 non
1055 2671 1130 2737 faoit
1150 2671 1267 2748 saltus,
1294 2671 1391 2756 quod-

376 2806 436 2871 que
453 2781 647 2857 L'eibnitaius
671 2781 704 2848 in
720 2781 869 2847 universo
889 2802 997 2848 rerum
1014 2783 1125 2848 ordine
1148 2781 1390 2850 continuitatem

377 2891 560 2981 appellavit.
581 2890 695 2958 Omnia
718 2889 802 2956 enirn
818 2911 888 2975 quae
911 2893 1108 2978 generantur
1126 2891 1160 2957 in
1174 2890 1287 2969 terris,
1307 2911 1390 2977 prae·

378 3002 551 3086 sertimque
573 3019 612 3064 ea
634 3019 704 3083 quae
720 2997 788 3065 vita
811 2997 972 3075 fruuntur,
992 2999 1038 3064 sic
1060 2999 1146 3065 inter
1165 3020 1199 3065 se
1223 2999 1392 3086 conjuncta

378 3114 465 3188 sunt,
483 3113 520 3177 ut
543 3106 761 3194 quodcumque
776 3127 877 3194 genus
900 3127 920 3172 a
936 3106 1047 3192 quovis
1063 3106 1125 3172 alio
1142 3107 1392 3175 diversissimum

377 3219 452 3287 buio
467 3223 576 3286 tamen
591 3217 746 3302 perpetua
763 3213 938 3301 specierum
954 3215 1195 3302 interjectarum
1211 3197 1326 3282 eatena
1340 3237 1391 3281 re-

378 3329 509 3416 ligetur,
527 3325 574 3393 ita
589 3327 626 3391 ut
640 3343 802 3409 nunquam
818 3323 954 3408 abrupto
966 3323 1117 3402 transitu,
1137 3324 1192 3391 sed
1208 3324 1305 3390 lentis
1321 3339 1394 3411 gra-

379 3438 472 3505 dibus
488 3440 522 3503 et
536 3431 688 3502 continua
703 3432 786 3498 serie
802 3431 836 3498 in
851 3431 1013 3499 mutandis
1029 3453 1138 3498 rerum
1149 3431 1260 3498 formis
1275 3435 1394 3500 natura

379 3544 551 3635 procedere
567 3540 727 3609 videatur.
745 3541 858 3626 Itaque
876 3541 984 3608 multae
1005 3546 1080 3609 sunt
1095 3541 1305 3608 animantium
1321 3562 1393 3628 spe-

380 3657 444 3722 eies
461 3674 531 3741 quae
555 3649 645 3739 quasi
661 3649 843 3738 ambiguam
859 3671 900 3720 ex
915 3650 1036 3718 duobus
1059 3650 1228 3737 generibus
1244 3653 1394 3718 naturam

416 3897 451 3968 lli
469 3898 509 3952 De
522 3899 597 3967 pali·
612 3895 727 3966 ao.,1v‚
742 3894 786 3950 1⁶2·
809 3891 884 3954 Ἐπεὶ
902 3891 929 3954 δὲ
944 3895 973 3953 οὗ
995 3889 1110 3966 πτητικᾶ
1126 3889 1184 3972 μὲν,
1207 3892 1237 3952 ἐκ
1248 3892 1395 3980 signabant

380 3994 408 4056 δὲ
429 3994 494 4069 ὕλης
515 3987 570 4055 tori
589 3993 685 4072 πάντά,
700 4000 718 4068 ἡ
733 3998 768 4062 εἷς
781 3980 812 4053 ab
825 3991 974 4076 ὄῤῥοπῦγιον
988 3991 1074 4059 ἀὐτοῖς
1093 3989 1174 4074 τροφὴ
1198 3994 1233 4058 εἰς
1255 3987 1289 4050 τὰ
1312 3987 1396 4062 σκέλη

380 4092 619 4174 καταναλισκομένη
633 4093 715 4154 ταῦτα
724 4092 831 4166 ηὔξησε.

417 4221 450 4286 (a)
470 4221 510 4276 be
523 4222 596 4291 part.
612 4217 772 4292 anim.‚lll‚
788 4219 814 4275 Ξ.
