3106 4932
623 545 806 612 -db-
905 595 908 608 ,

199 691 331 759 dendus
344 694 438 779 patet
458 691 513 758 illa
526 691 579 758 ufrs
593 709 657 776 qua
671 709 783 756 onmes
797 689 932 776 species,
947 707 1017 756 ‘non
1028 688 1140 755 vselum
1149 702 1229 774 *una

199 803 290 868 nude
306 801 345 866 in
361 799 460 866 terris
476 799 725 877 habinnnscd
738 805 956 884 fqnaeoumqus
966 817 991 864 a
1004 797 1228 864 remotissimis

202 907 353 984 abatibus
367 907 511 990 uicissim
522 918 715 994 apparuere,
735 906 922 972 eorumdem
932 905 1171 992 exemplarium
1187 903 1229 972 si·

199 1015 416 1089 militudinem
435 1015 558 1088 referre
581 1017 760 1102 coguntnr;
786 1015 867 1082 nihil
886 1014 986 1080 etiam
1001 1035 1042 1080 ex
1055 1013 1226 1080 subtilissb-
1319 1087 1324 1108 Ι

198 1125 264 1194 uuis
277 1124 470 1192 deonorum
486 1124 671 1192 evolutione
687 1123 968 1190 observationibus
988 1123 1109 1188 clarius
1127 1138 1230 1190 emm·

202 1229 263 1316 gn,
287 1247 394 1315 quam,
407 1227 600 1299 immutabili
622 1229 694 1316 lege
717 1229 942 1315 cujuscumque
969 1227 1142 1308 animantis
1163 1227 1229 1311 lore

203 1337 380 1408 mationem
389 1337 650 1424 =regipertates
667 1337 837 1424 gradus‘at
852 1336 1052 1404 resistitutas
1061 1335 1230 1406 cumdius

202 1446 398 1516 mutationes
414 1445 455 1514 ad
467 1449 589 1514 certam
600 1449 803 1514 structuram
812 1443 1044 1530 pervenientis:
1058 1444 1121 1512 Sed
1133 1451 1230 1530 quum

202 1553 282 1628 illud
308 1555 407 1642 etiam
434 1554 548 1624 iisdem
575 1553 879 1642 investigationibus
893 1554 1070 1642 ,cognitum
1086 1551 1140 1632 sit,
1160 1573 1228 1622 om-

200 1663 291 1736 aium
307 1663 486 1750 specierum
506 1663 748 1750 generationes,
774 1661 922 1746 quamuis
944 1661 1230 1748 diuersaset'quae

200 1771 526 1860 congerendarum
547 1771 688 1840 maxime
705 1769 893 1840 differentes
915 1770 1067 1849 evadant,
1092 1790 1232 1840 eommu-

202 1880 297 1948 nibus
309 1884 419 1946 tamen
435 1880 559 1968 legibus
575 1900 691 1967 parere
708 1883 740 1947 et
761 1899 781 1944 a
804 1879 961 1946 similibus
978 1879 1119 1949 exordiis
1135 1877 1231 1966 profi·

200 1989 292 2068 sisci,
305 1989 426 2075 ¹aliquis
454 1988 563 2060 forsan
586 1989 662 2056 inde
675 2009 742 2057 non
756 1988 840 2056 male
858 1986 1049 2058 concludere
1064 1987 1231 2056 uideretur

153 2089 160 2098 ’
203 2119 269 2172 non
294 2097 440 2180 fortuito¹
457 2097 584 2183 quidem
605 2097 640 2188 in
667 2096 813 2166 omuibus
840 2096 1058 2166 animantibus
1082 2095 1230 2167 eamdem

207 2207 398 2295 essesprima
412 2209 586 2293 conceptus
608 2206 644 2272 in
667 2205 791 2292 origine
813 2207 954 2292 partium
973 2205 1228 2292 dispositionem,

204 2315 590 2390 easdemvformandorum
605 2316 684 2382 uitae
695 2316 984 2384 instrumentorum
1000 2314 1155 2392 rationes,
1170 2326 1228 2384 be-

202 2431 267 2512 q'ne
281 2426 321 2492 ab
337 2425 480 2492 externis
492 2424 610 2502 causis,
624 2446 729 2510 neque
738 2425 887 2492 materiae
900 2425 973 2491 vita
987 2425 1231 2492 carentisana·

203 2540 279 2602 tura
293 2539 327 2603 et
342 2534 537 2601 necessitate
551 2534 635 2601 hane
656 2537 860 2601 constantem
881 2533 976 2600 unius
992 2532 1104 2599 formae
1114 2535 1228 2620 poten-

204 2643 285 2710 tiam
300 2664 395 2729 ·posse
413 2663 583 2721 emanare;
607 2664 678 2728 quae
698 2646 810 2720 autem
829 2643 865 2708 in
878 2626 983 2708 variis
1001 2642 1173 2730 generibus
1192 2647 1229 2711 et

204 2751 370 2837 speciebus
381 2757 541 2840 apparent
555 2750 761 2830 differentiae,
780 2773 877 2838 quum
889 2751 929 2819 ab
942 2751 1003 2818 bae
1018 2751 1179 2820 communi
1194 2757 1230 2822 et

203 2859 396 2948 primigenia
410 2861 515 2928 forma
530 2861 687 2948 paulatim
703 2860 897 2948 procedente
913 2859 1229 2948 generatione'reee·

203 2971 284 3038 dunt
298 2975 333 3040 a't
349 2971 384 3037 in
402 2970 524 3060 figuras
540 2971 644 3058 magis
662 2991 701 3036 ac
723 2969 827 3056 magis
850 2970 1020 3038 distinctas
1038 2987 1073 3036 se
1094 2982 1232 3040 conuer·'

203 3084 290 3161 tunt,
303 3100 359 3148 eas
372 3079 488 3147 saltem
501 3102 542 3147 ex
553 3079 653 3147 variis
666 3083 699 3146 ct
710 3079 853 3146 fortuitis
866 3079 971 3146 causis
982 3077 1227 3165 potuisseorirb

205 3209 308 3275 neque
321 3191 483 3275 oportere,
502 3190 545 3255 ad
561 3188 769 3275 explicandas
791 3187 978 3255 animalium
996 3186 1229 3256 dissimilitudi-

205 3316 275 3372 nes,
294 3301 331 3364 ut
346 3298 479 3384 propria
499 3297 544 3366 sit
566 3297 719 3385 cujusque
742 3298 871 3386 generis
894 3301 930 3364 et
953 3295 1072 3384 speciei
1095 3293 1225 3374 natira,

204 3405 424 3491 'propriusque
447 3405 522 3472 finis
546 3406 588 3473 ad
619 3427 714 3493 quem
740 3406 895 3494 peculiari
914 3406 986 3494 lege
1012 3403 1228 3476 membrorum

206 3516 374 3582 structura
385 3517 526 3601 aptetur,
545 3515 602 3581 sed
621 3517 701 3600 satis
717 3533 789 3582 esse
804 3534 1005 3583 communem
1021 3513 1228 3581 omnibns-le·

205 3621 387 3709 genunio
409 3643 519 3690 rerum
540 3625 739 3693 exteriorum
758 3624 898 3711 impulsu
912 3623 1020 3690 rados
1037 3623 1078 3689 ad
1092 3619 1226 3691 effeetus

203 3729 375 3797 adductam
406 3730 505 3798 tuisse
532 3737 566 3798 et
593 3732 729 3799 dirersis
756 3731 1039 3800 consuetudinibus
1066 3730 1226 3818 gradatim

201 3841 416 3908 immutatam.
433 3841 599 3928 Suspieari'
612 3843 720 3928 itaque
736 3842 850 3908 liceret
865 3863 904 3908 ea
916 3839 1135 3918 similitudine,
1153 3858 1225 3926 qua
1289 3894 1291 3903 ,

203 3949 241 4015 iu¹
253 3950 395 4016 omnium
412 3951 674 4037 generationibus
683 3952 788 4037 primo
803 3953 951 4038 apparet,
969 3949 1111 4036 priscam
1120 3953 1155 4017 et
1170 3966 1225 4017 an·

202 4057 326 4142 tiquam
337 4057 480 4125 omnium
496 4055 707 4130 animantium
722 4059 966 4148 similitudinem
981 4059 1108 4133 referri,
1127 4075 1224 4144 quum

202 4185 268 4234 una
293 4171 424 4240 tantum,
451 4172 509 4237 aut
530 4169 645 4241 saltem
673 4187 845 4272 perpauca
869 4171 1048 4242 existerent
1085 4168 1121 4238 in
1146 4166 1224 4238 orbe
