3106 4932
533 447 543 488 t

678 517 684 538 ‘
808 547 988 617 -76-

391 691 490 771 utilis,
514 690 611 779 longa
626 689 663 758 fit
685 694 812 760 tautum
832 692 865 758 in
880 713 996 771 manu,
1019 691 1150 779 ejusque
1165 694 1358 762 brevitatem
1373 696 1405 762 in

338 840 342 854 ·
389 803 470 890 pede
498 804 684 887 compensat
708 801 819 868 solidae
843 801 945 889 partis
966 802 1154 888 amplitude,
1180 803 1222 870 ad
1241 802 1405 872 ferendum

316 923 319 930 “
390 911 533 998 corporis
548 910 672 998 pondus
688 910 856 996 aptissima
872 907 932 1001 (l).
953 909 1164 998 Sed'parvum
1179 912 1267 979 istud
1283 913 1317 980 in
1337 935 1403 980 oor-

389 1019 478 1106 poris
502 1019 622 1086 fabrica
646 1019 818 1086 discrimen
837 1020 1041 1106 propriarum
1060 1021 1198 1110 hominis
1219 1021 1404 1090 facultatum

390 1132 423 1195 et
435 1128 658 1215 intelligentiae
674 1121 804 1195 oausam
819 1150 890 1196 esse
905 1130 977 1215 ,quis
994 1130 1167 1197 crediderit
1180 1131 1192 1197 l
1206 1132 1347 1200 Necesse
1359 1135 1405 1199 est

390 1236 490 1324 igitur
517 1243 553 1306 ut
581 1239 651 1304 haec
673 1238 749 1304 vitae
777 1241 873 1323 atque
897 1238 996 1304 animi
1024 1238 1214 1307 excellentia
1237 1238 1311 1306 finis
1341 1239 1404 1308 fue-

389 1345 434 1414 rit
464 1346 506 1413 ad
536 1367 630 1434 quem
660 1346 716 1414 illa
747 1342 923 1414 formarum
953 1347 1180 1434 progressione
1211 1351 1330 1416 natura
1359 1351 1404 1415 te·

390 1455 542 1523 tenderit.
1290 1453 1292 1457 ’

434 1561 646 1653 Anaxagoras
667 1564 793 1651 quidem
808 1564 971 1630 hominem
988 1585 1029 1631 ex
1047 1564 1193 1632 omnibus
1216 1565 1403 1633 animalibus

390 1673 507 1742 idcirco
523 1675 808 1762 prudentissimum
824 1695 895 1740 esse
911 1673 1049 1752 dixerat,
1071 1674 1155 1761 quod
1171 1694 1287 1742 manus
1312 1676 1404 1742 habe·

390 1788 458 1862 ret;
477 1782 546 1862 sed,
565 1785 611 1851 ait
631 1783 825 1851 Aristoteles
842 1780 903 1873 (2),
922 1786 1012 1849 recta
1030 1782 1114 1850 ratio
1139 1782 1241 1870 exigit
1260 1787 1310 1861 ut,
1334 1805 1404 1870 quo·

389 1893 475 1959 niam
490 1892 758 1979 prudentissimus
774 1892 828 1969 sit,
847 1890 919 1956 ideo
932 1911 1046 1958 manus
1063 1892 1240 1978 acceperit.
1259 1893 1403 1978 Namque

390 2004 518 2080 natura,
544 2004 581 2068 ut
599 2002 650 2067 vir
669 2001 809 2086 sapiens,
829 1999 973 2086 quodque
995 2000 1243 2068 instrumentum
1266 2002 1404 2069 tribuere

391 2109 473 2176 solet
488 2109 518 2176 ei
534 2110 586 2194 qui
606 2108 783 2196 potentio
801 2109 919 2195 optime
940 2109 988 2174 uti
999 2136 1009 2187 ;
1028 2109 1130 2176 satius
1152 2114 1201 2177 est
1220 2110 1335 2177 tibiam
1356 2131 1403 2176 ca·
1492 2105 1493 2108 ’

390 2217 487 2284 nendi
502 2213 606 2304 perito
630 2237 724 2303 quam
742 2217 897 2283 musicam
913 2220 1016 2284 artem
1032 2217 1151 2284 addere
1168 2218 1197 2284 ei
1221 2219 1275 2303 qui
1297 2219 1414 2289 tibiam*

141 2376 144 2387 .
278 2405 281 2412 ¹
390 2327 565 2415 possideat.
585 2327 645 2404 Qui
662 2330 769 2393 autem
785 2326 1000 2412 intelligentia
1015 2327 1118 2414 magis
1133 2327 1233 2415 viget,
1253 2327 1282 2394 is
1299 2327 1401 2395 multis

390 2436 613 2504 instrumentis
625 2436 745 2503 rectius
761 2440 794 2503 et
805 2434 929 2502 facilius
942 2438 1052 2502 utetur
1063 2463 1070 2513 ;
1083 2457 1197 2502 manus
1210 2440 1320 2503 autem
1331 2437 1403 2503 mul·
1491 2513 1492 2526 ἢ

390 2550 497 2614 torum
513 2547 802 2613 instrumentorum
817 2544 923 2610 locum
938 2547 1028 2612 tenet
1043 2572 1050 2622 ;
1066 2544 1112 2611 illi
1124 2545 1224 2632 igitur
1240 2545 1403 2612 tribuenda

391 2659 463 2723 erat
483 2656 538 2742 qui
557 2655 711 2742 plurimas
730 2656 817 2720 artes
835 2654 952 2719 callere
975 2658 1095 2740 posset.
1123 2655 1236 2740 Neque
1260 2653 1411 2729 audiendi,

331 2805 334 2813 ·
382 2770 467 2833 'sunt
482 2765 535 2851 qui
555 2765 717 2831 hominem
733 2784 753 2829 a
771 2768 891 2832 natura
910 2763 1100 2830 destitutum
1120 2783 1192 2830 esse
1216 2767 1399 2850 queruntur,

391 2873 475 2958 quod
510 2874 614 2940 nudus
645 2873 679 2939 in
709 2871 796 2938 nuda
825 2872 922 2939 humo
950 2871 1158 2962 omnibusque
1188 2871 1289 2939 armis
1319 2873 1400 2957 inops
1491 2889 1492 2894 ¹

378 2986 561 3080 nascatur:
580 2982 665 3068 quod
685 2981 847 3066 longeest
864 3000 967 3048 secus.
990 2981 1117 3048 Caetera
1147 2980 1232 3048 enim
1257 2979 1399 3049 animalia
1491 3019 1492 3024 κ

391 3113 490 3158 unum
516 3092 670 3160 auxilium
687 3111 850 3175 accepere,
873 3111 976 3175 neque
992 3090 1055 3156 alia
1072 3111 1229 3177 usurpare
1245 3091 1397 3176 possunt;

391 3200 525 3266 calceati
540 3201 712 3285 vestitique
728 3199 902 3276 dormiunt,
921 3219 1024 3284 neque
1040 3219 1098 3285 pro
1114 3201 1259 3285 tempore
1276 3200 1342 3266 tela
1355 3193 1400 3264 vel

390 3297 535 3396 tegmina
550 3310 688 3376 mutant.
709 3308 814 3374 Homo
835 3311 949 3375 contra
964 3307 1066 3374 omnis
1085 3307 1213 3395 generis
1229 3307 1340 3386 armis,
1358 3306 1400 3371 in-

391 3416 593 3496 strumentis
619 3416 762 3484 vestibus
785 3415 898 3494 utitur,
925 3436 1024 3501 eaque
1048 3436 1106 3502 pro
1131 3416 1264 3483 arbitrio
1290 3415 1397 3484 mutat.

392 3527 508 3596 Manus
524 3525 609 3592 enim
626 3528 658 3592 et
681 3526 797 3612 unguis
813 3524 850 3594 fit
871 3527 904 3592 et
919 3546 1020 3592 cornu
1035 3529 1069 3592 et
1084 3525 1216 3613 ungula,
1235 3526 1399 3608 eademque

392 3641 426 3705 et
440 3635 527 3703 ensis
543 3641 576 3704 et
590 3636 686 3706 hasta
703 3638 736 3702 et
752 3634 873 3703 securis
892 3661 899 3702 :
919 3639 1034 3702 cuncta
1046 3619 1132 3714 enirn
1148 3635 1246 3702 sumit
1262 3639 1295 3703 et
1318 3629 1399 3700 adhi-

391 3746 456 3814 bet.
477 3747 564 3823 Quas
575 3746 615 3813 ad
631 3745 787 3815 utilitates
803 3744 886 3812 mira
901 3743 1034 3812 solertia
1041 3742 1198 3810 fabricata
1214 3746 1264 3810 est
1279 3769 1286 3821 ;
1301 3737 1399 3810 multi-

291 3851 296 3861 ‘
392 3853 457 3922 fida
471 3855 557 3926 enim
578 3856 646 3944 ejus
661 3854 777 3943 figura,
797 3853 838 3921 ad
853 3853 1013 3941 permulta
1028 3851 1156 3934 habilis,
1179 3853 1269 3942 longi
1283 3845 1399 3920 flexibi-

428 4078 461 4146 iu
480 4079 521 4136 De
531 4082 605 4152 part.
620 4077 709 4138 anim.
724 4079 772 4151 lv,
782 4079 827 4136 10.
988 4157 992 4163 ι
1278 4061 1289 4086 ”

429 4196 463 4264 (2)
480 4191 553 4253 llud.
