3106 4932
760 479 942 546 *56*

343 622 455 696 existit
481 627 515 688 et
545 642 583 688 eo
600 622 704 708 magis
721 642 781 707 quo
791 613 903 710 'major
918 623 1065 709 splendet
1079 623 1283 712 pulchritudo
1300 624 1360 716 (l).

388 733 433 798 Ut
449 731 630 826 instruatur
656 729 837 806 aedificium,
855 731 946 798 varia
961 732 1098 798 materia
1113 753 1192 818 opus
1205 739 1277 802 est:
1300 734 1363 800 nisi

341 840 451 930 trabes
463 844 497 906 et
508 838 630 924 lapides
643 843 699 907 aut
710 839 829 906 lateres
842 844 1026 926 suppetant,
1046 841 1157 908 domus
1169 841 1283 908 confici
1297 862 1362 908 non

342 949 484 1036 poterit:
504 948 561 1020 sed
577 947 633 1012 illa
643 952 752 1015 tamen
768 969 833 1014 non
848 962 935 1016 verae
958 954 1034 1016 sunt
1050 940 1271 1016 aedificationis
1287 971 1361 1018 cau-

343 1079 399 1124 sae.
420 1055 526 1122 Faber
548 1057 812 1150 comprehensam
828 1057 861 1124 in
878 1058 984 1124 auimo
1000 1057 1100 1127 habet
1114 1057 1233 1124 futurae
1250 1059 1362 1126 domus

343 1165 493 1252 effigiem,
512 1169 545 1232 et
560 1165 646 1230 hunc
659 1165 699 1231 ad
717 1164 815 1232 finem
830 1187 956 1237 ornnem
975 1167 1144 1232 materiam
1161 1168 1259 1238 sumit
1270 1171 1303 1234 et
1314 1167 1362 1234 di·

344 1275 485 1343 stribuit.
504 1275 574 1340 Hoc
590 1274 691 1342 menti
709 1295 853 1359 praesens
875 1275 1041 1361 exemplar
1058 1275 1273 1350 versionum,
1292 1296 1363 1360 quae
1446 1314 1452 1320 ·

344 1383 478 1452 aedificio
505 1383 669 1461 tribuitur,
696 1383 827 1470 ejusque
855 1371 996 1470 partium
1025 1384 1242 1470 dispositionis
1266 1405 1364 1452 causa

331 1496 405 1559 est.
428 1492 480 1560 Sic
495 1493 529 1558 in
541 1491 766 1577 cujuscumque
788 1493 961 1576 animantis
983 1493 1189 1578 generatione
1210 1513 1365 1578 corporea

330 1601 504 1667 elementa
520 1599 603 1667 sicut
615 1602 727 1667 domus
743 1601 882 1668 materia
897 1605 984 1678 sunt,
1000 1601 1100 1668 moles
1116 1601 1204 1668 iners
1220 1622 1291 1687 quae
1306 1621 1365 1687 per

242 1699 250 1718 '
345 1731 379 1776 se
395 1709 475 1778 nibil
485 1691 567 1796 agit,
588 1708 644 1774 sed
660 1729 754 1794 quarn
771 1729 915 1795 praesens
931 1709 965 1776 iu
976 1709 1038 1775 bac
1053 1709 1191 1792 materia
1202 1710 1255 1776 ¹vis
1267 1713 1301 1778 et
1311 1729 1364 1776 ra·

166 1837 168 1852 ·
271 1837 272 1841 ’
345 1819 390 1886 tio
411 1817 574 1885 intestinis
592 1817 697 1904 agitat
717 1817 869 1896 motibus,
889 1822 924 1884 ut
941 1817 983 1882 ad
999 1821 1122 1884 certam
1137 1817 1274 1904 figuram
1290 1838 1365 1904 gra-

346 1924 602 1992 datimadducat.
613 1925 727 1990 Omnia
736 1925 769 1998 iu
778 1925 986 1992 bacuiventis
999 1925 1142 2011 corporis
1157 1924 1366 1994 fabricatione

307 2047 309 2052 ‘
346 2035 392 2100 ita
407 2039 560 2122 aguntur,
580 2033 671 2118 quasi
687 2054 741 2106 ars
757 2027 849 2100 nauis
866 2032 1064 2098 aedificandae
1082 2033 1116 2098 in
1127 2033 1206 2119 ipsis
1222 2033 1367 2102 trabibus

347 2141 490 2232 etlignis
506 2142 638 2218 inesset,
655 2163 695 2212 en
708 2142 820 2226 quibus
836 2161 916 2228 opus
929 2142 1131 2227 componitur
1147 2139 1206 2232 (2).

393 2250 533 2318 Definita
549 2250 675 2335 quidem
693 2250 761 2315 sibe
779 2233 916 2314 materia
941 2249 1061 2316 animal
1076 2224 1180 2320 creari
1200 2249 1364 2336 nequiret·

348 2361 404 2426 sed
429 2381 469 2428 ex
492 2359 606 2426 iisdem
631 2358 797 2424 elementis
824 2357 937 2424 formae
965 2358 1191 2426 diversissimae
1219 2363 1368 2426 constare

348 2475 495 2555 possent;
514 2490 580 2534 non
595 2451 695 2556 igitur
706 2467 747 2532 ab
760 2488 870 2534 eorum
886 2470 1005 2534 natura
1016 2467 1189 2555 animantis
1206 2470 1370 2534 structura

348 2579 478 2664 pendet,
497 2598 600 2664 neque
622 2577 750 2644 omnino
770 2576 812 2644 ad
832 2577 916 2642 banc
938 2575 1163 2644 necessitatem
1179 2575 1295 2644 referri
1314 2595 1369 2662 po

348 2690 425 2764 test,
445 2686 556 2772 quain
575 2685 777 2772 geometricis
799 2685 937 2750 alterum
955 2696 999 2752 ‘ex
1021 2683 1124 2750 altero
1146 2683 1364 2769 consequitur.

350 2795 413 2861 Sed
425 2795 522 2860 aliam
537 2793 730 2860 Aristoteles
747 2793 798 2864 bic
815 2815 885 2858 esse
898 2793 1039 2860 ostendit
1054 2792 1256 2861 necessitatis
1272 2791 1370 2860 ratio·

348 2925 434 2981 nem,
450 2924 521 2988 quae
537 2903 579 2968 ad
594 2901 850 2987 fiuempertinet
870 2899 916 2991 (3)
936 2929 942 2967 z
966 2901 1030 2989 nisi
1044 2901 1176 2987 hujusce
1198 2900 1284 2992 modi
1304 2899 1368 2966 ele-

350 3016 459 3078 menta
471 3011 590 3104 adsint,
609 3015 642 3077 et
658 3011 703 3076 sio
718 3010 926 3084 misceantur,
943 3015 975 3076 et
992 3009 1043 3074 his
1060 2995 1198 3076 motibus
1214 3025 1273 3095 per
1288 3009 1370 3076 tales

333 3181 336 3186 .
352 3121 476 3207 -figuras
491 3124 671 3208 transeant,
691 3118 971 3218 (testinataiorma
987 3119 1065 3184 oriri
1081 3139 1145 3188 non
1157 3118 1260 3204 possit
1276 3145 1282 3184 :
1300 3118 1371 3188 haec

351 3397 401 3458 tub
413 3395 582 3478 τῆςτὲχνης·
600 3399 622 3457 εἴ
637 3394 664 3456 δὲ
677 3395 712 3455 τὰ
726 3392 818 3480 φύσει,
835 3392 873 3473 μὴ
891 3391 968 3474 μόνον
988 3392 1074 3478 φύσει,
1090 3390 1160 3453 ἀλλὰ
1175 3391 1220 3454 καὶ
1237 3391 1318 3474 τέχνηςΙ
1332 3391 1372 3474 γί-

227 3503 229 3506 ’
331 3505 452 3577 'protem
468 3492 594 3562 ὡσαύτως
612 3493 643 3554 ἅν
661 3478 790 3575 piscoso}
806 3491 938 3576 πέφυκεν·
960 3485 1036 3552 tremo
1058 3491 1109 3575 ἄρα
1125 3489 1231 3574 θατέρου
1251 3490 1371 3574 Ιθάτερον.

352 3593 481 3670 physio,
495 3595 531 3666 11,
543 3595 575 3651 8.

388 3724 420 3790 (i)
440 3723 552 3782 Μᾶλλον
567 3717 596 3779 δ’
618 3718 673 3779 ἐστὶ
694 3717 725 3779 τὸ
743 3715 775 3786 οὗ
798 3717 874 3779 ἕνεκα
890 3717 936 3778 καὶ
953 3717 984 3777 τὸ
1003 3715 1084 3778 καλὸν
1101 3719 1127 3776 ἐν
1140 3717 1194 3783 τοῖς
1212 3719 1260 3789 τῆς
1272 3711 1373 3796 φύσεως

289 3813 291 3818 ,
353 3816 465 3903 ἔργοιςῆ
481 3821 507 3878 ἓν
520 3823 574 3886 τοῖς
588 3823 635 3892 τῆς
648 3817 755 3900 τέχνης.
773 3820 812 3874 Db
825 3821 899 3889 pari.
915 3813 1004 3872 anim.
1022 3816 1043 3885 l,
1059 3816 1085 3872 i.

332 4001 336 4006 .
390 3955 423 4016 (t)
444 3949 623 4026 Physic.,11,
639 3954 665 4008 8.
1118 3927 1121 3934 ¹

388 4072 777 4149 mmmmmffit
