<?xml version="1.0" encoding="UTF-8"?>
<!DOCTYPE html PUBLIC "-//W3C//DTD XHTML 1.0 Transitional//EN"
    "http://www.w3.org/TR/xhtml1/DTD/xhtml1-transitional.dtd">
<html xmlns="http://www.w3.org/1999/xhtml" xml:lang="en" lang="en">
 <head>
  <title>
</title>
<meta http-equiv="Content-Type" content="text/html;charset=utf-8" />
  <meta name='ocr-system' content='tesseract 3.04.00' />
  <meta name='ocr-capabilities' content='ocr_page ocr_carea ocr_par ocr_line ocrx_word'/>
</head>
<body>
  <div class='ocr_page' id='page_1' title='image "./aristotelisphil00philgoog_0039.png"; bbox 0 0 3134 4938; ppageno 0'>
   <div class='ocr_carea' id='block_1_1' title="bbox 780 533 960 601">
    <p class='ocr_par' dir='ltr' id='par_1_1' title="bbox 780 533 960 601">
     <span class='ocr_line' id='line_1_1' title="bbox 780 533 960 601; baseline 0.006 -19"><span class='ocrx_word' id='word_1_1' title='bbox 780 533 960 601; x_wconf 72' lang='lat'>...26-</span> 
     </span>
    </p>
   </div>
   <div class='ocr_carea' id='block_1_2' title="bbox 363 675 1478 757">
    <p class='ocr_par' dir='ltr' id='par_1_2' title="bbox 363 675 1478 757">
     <span class='ocr_line' id='line_1_2' title="bbox 363 675 1478 757; baseline 0.007 -16"><span class='ocrx_word' id='word_1_2' title='bbox 363 675 402 742; x_wconf 93' lang='lat' dir='ltr'>de</span> <span class='ocrx_word' id='word_1_3' title='bbox 420 676 652 750; x_wconf 79' lang='lat' dir='ltr'>rerumiormis</span> <span class='ocrx_word' id='word_1_4' title='bbox 674 675 742 742; x_wconf 87' lang='lat' dir='ltr'>sive</span> <span class='ocrx_word' id='word_1_5' title='bbox 757 676 849 744; x_wconf 90' lang='lat' dir='ltr'>ideis.</span> <span class='ocrx_word' id='word_1_6' title='bbox 874 677 1089 753; x_wconf 51' lang='lat' dir='ltr'>Quum‘enim</span> <span class='ocrx_word' id='word_1_7' title='bbox 1111 678 1172 745; x_wconf 88' lang='lat' dir='ltr'>hoc</span> <span class='ocrx_word' id='word_1_8' title='bbox 1195 679 1238 746; x_wconf 90' lang='lat' dir='ltr'>sit</span> <span class='ocrx_word' id='word_1_9' title='bbox 1254 680 1379 748; x_wconf 86' lang='lat' dir='ltr'>Acade-</span> <span class='ocrx_word' id='word_1_10' title='bbox 1474 746 1478 757; x_wconf 87' lang='grc'>,</span> 
     </span>
    </p>
   </div>
   <div class='ocr_carea' id='block_1_3' title="bbox 276 784 1453 4247">
    <p class='ocr_par' dir='ltr' id='par_1_3' title="bbox 282 784 1453 3810">
     <span class='ocr_line' id='line_1_3' title="bbox 361 784 1381 875; baseline 0.005 -24"><span class='ocrx_word' id='word_1_11' title='bbox 361 784 452 852; x_wconf 87' lang='lat' dir='ltr'>micae</span> <span class='ocrx_word' id='word_1_12' title='bbox 465 784 675 872; x_wconf 90' lang='lat' dir='ltr'>philosophiae</span> <span class='ocrx_word' id='word_1_13' title='bbox 686 789 793 873; x_wconf 84' lang='lat' dir='ltr'>caput,</span> <span class='ocrx_word' id='word_1_14' title='bbox 809 785 952 872; x_wconf 82' lang='lat' dir='ltr'>perfecta</span> <span class='ocrx_word' id='word_1_15' title='bbox 962 785 1172 873; x_wconf 88' lang='lat' dir='ltr'>absolutaque</span> <span class='ocrx_word' id='word_1_16' title='bbox 1184 788 1381 875; x_wconf 83' lang='lat' dir='ltr'>exemplaria</span> 
     </span>
     <span class='ocr_line' id='line_1_4' title="bbox 361 871 1381 984; baseline 0.006 -26"><span class='ocrx_word' id='word_1_17' title='bbox 361 893 496 960; x_wconf 91' lang='lat' dir='ltr'>inomni</span> <span class='ocrx_word' id='word_1_18' title='bbox 524 895 707 963; x_wconf 75' lang='lat' dir='ltr'><strong>aeternitate</strong></span> <span class='ocrx_word' id='word_1_19' title='bbox 730 895 882 973; x_wconf 80' lang='lat' dir='ltr'>existere,</span> <span class='ocrx_word' id='word_1_20' title='bbox 902 915 1037 982; x_wconf 88' lang='lat' dir='ltr'>quorum</span> <span class='ocrx_word' id='word_1_21' title='bbox 1054 895 1096 961; x_wconf 91' lang='lat' dir='ltr'>ad</span> <span class='ocrx_word' id='word_1_22' title='bbox 1113 871 1251 984; x_wconf 79' lang='lat' dir='ltr'>effigiem</span> <span class='ocrx_word' id='word_1_23' title='bbox 1274 897 1381 964; x_wconf 91' lang='lat' dir='ltr'>omnia</span> 
     </span>
     <span class='ocr_line' id='line_1_5' title="bbox 361 1002 1381 1090; baseline 0.005 -22"><span class='ocrx_word' id='word_1_24' title='bbox 361 1002 487 1089; x_wconf 91' lang='lat' dir='ltr'>quaein</span> <span class='ocrx_word' id='word_1_25' title='bbox 506 1002 603 1070; x_wconf 88' lang='lat' dir='ltr'>terris</span> <span class='ocrx_word' id='word_1_26' title='bbox 627 1007 825 1090; x_wconf 83' lang='lat' dir='ltr'>generantur</span> <span class='ocrx_word' id='word_1_27' title='bbox 848 1003 1021 1070; x_wconf 84' lang='lat' dir='ltr'>informata</span> <span class='ocrx_word' id='word_1_28' title='bbox 1044 1003 1110 1070; x_wconf 89' lang='lat' dir='ltr'>sint</span> <span class='ocrx_word' id='word_1_29' title='bbox 1134 1008 1191 1072; x_wconf 86' lang='lat' dir='ltr'>aut</span> <span class='ocrx_word' id='word_1_30' title='bbox 1212 1004 1381 1072; x_wconf 84' lang='lat' dir='ltr'>informari</span> 
     </span>
     <span class='ocr_line' id='line_1_6' title="bbox 361 1108 1380 1199; baseline 0.005 -24"><span class='ocrx_word' id='word_1_31' title='bbox 361 1108 509 1187; x_wconf 88' lang='lat' dir='ltr'>debeant,</span> <span class='ocrx_word' id='word_1_32' title='bbox 527 1111 598 1177; x_wconf 88' lang='lat' dir='ltr'>haec</span> <span class='ocrx_word' id='word_1_33' title='bbox 611 1111 736 1199; x_wconf 90' lang='lat' dir='ltr'>quidem</span> <span class='ocrx_word' id='word_1_34' title='bbox 753 1111 899 1179; x_wconf 76' lang='lat' dir='ltr'>doctrina</span> <span class='ocrx_word' id='word_1_35' title='bbox 911 1111 952 1178; x_wconf 86' lang='lat' dir='ltr'>ad</span> <span class='ocrx_word' id='word_1_36' title='bbox 968 1111 1133 1180; x_wconf 90' lang='lat' dir='ltr'>hominum</span> <span class='ocrx_word' id='word_1_37' title='bbox 1148 1111 1226 1180; x_wconf 85' lang='lat' dir='ltr'>vitae</span> <span class='ocrx_word' id='word_1_38' title='bbox 1243 1113 1380 1199; x_wconf 76' lang='lat' dir='ltr'>privata)</span> 
     </span>
     <span class='ocr_line' id='line_1_7' title="bbox 297 1218 1379 1300; baseline 0.004 -16"><span class='ocrx_word' id='word_1_39' title='bbox 297 1287 299 1294; x_wconf 13' lang='grc' dir='ltr'><em>Α</em></span> <span class='ocrx_word' id='word_1_40' title='bbox 360 1218 412 1285; x_wconf 86' lang='lat' dir='ltr'>vel</span> <span class='ocrx_word' id='word_1_41' title='bbox 428 1220 604 1287; x_wconf 88' lang='lat' dir='ltr'>communis</span> <span class='ocrx_word' id='word_1_42' title='bbox 615 1220 850 1288; x_wconf 86' lang='lat' dir='ltr'>inst&#39;tutionem</span> <span class='ocrx_word' id='word_1_43' title='bbox 866 1224 899 1288; x_wconf 88' lang='lat' dir='ltr'>et</span> <span class='ocrx_word' id='word_1_44' title='bbox 914 1221 955 1288; x_wconf 90' lang='lat' dir='ltr'>ad</span> <span class='ocrx_word' id='word_1_45' title='bbox 971 1241 1104 1288; x_wconf 91' lang='lat' dir='ltr'>summae</span> <span class='ocrx_word' id='word_1_46' title='bbox 1125 1242 1234 1288; x_wconf 83' lang='lat' dir='ltr'>rerum</span> <span class='ocrx_word' id='word_1_47' title='bbox 1250 1222 1379 1300; x_wconf 64' lang='lat' dir='ltr'>univer,-</span> 
     </span>
     <span class='ocr_line' id='line_1_8' title="bbox 292 1329 1380 1418; baseline 0.004 -24"><span class='ocrx_word' id='word_1_48' title='bbox 292 1390 294 1394; x_wconf 87' lang='grc'><em>,</em></span> <span class='ocrx_word' id='word_1_49' title='bbox 361 1349 469 1395; x_wconf 82' lang='lat' dir='ltr'>sarum</span> <span class='ocrx_word' id='word_1_50' title='bbox 479 1349 584 1396; x_wconf 87' lang='lat' dir='ltr'>causae</span> <span class='ocrx_word' id='word_1_51' title='bbox 601 1329 775 1416; x_wconf 78' lang='lat' dir='ltr'>optimique</span> <span class='ocrx_word' id='word_1_52' title='bbox 788 1330 928 1398; x_wconf 82' lang='lat' dir='ltr'>auctoris</span> <span class='ocrx_word' id='word_1_53' title='bbox 944 1329 1182 1416; x_wconf 79' lang='lat' dir='ltr'>inquisitionem</span> <span class='ocrx_word' id='word_1_54' title='bbox 1198 1331 1380 1418; x_wconf 81' lang='lat' dir='ltr'>praesertim</span> 
     </span>
     <span class='ocr_line' id='line_1_9' title="bbox 361 1439 1384 1527; baseline 0.002 -23"><span class='ocrx_word' id='word_1_55' title='bbox 361 1441 497 1524; x_wconf 85' lang='lat' dir='ltr'>spectat,</span> <span class='ocrx_word' id='word_1_56' title='bbox 515 1443 705 1506; x_wconf 87' lang='lat' dir='ltr'>nontamen</span> <span class='ocrx_word' id='word_1_57' title='bbox 720 1439 789 1506; x_wconf 91' lang='lat' dir='ltr'>sine</span> <span class='ocrx_word' id='word_1_58' title='bbox 805 1439 969 1525; x_wconf 82' lang='lat' dir='ltr'>aliquo-ad</span> <span class='ocrx_word' id='word_1_59' title='bbox 989 1439 1124 1527; x_wconf 87' lang='lat' dir='ltr'>physica</span> <span class='ocrx_word' id='word_1_60' title='bbox 1138 1443 1235 1526; x_wconf 87' lang='lat' dir='ltr'>atque</span> <span class='ocrx_word' id='word_1_61' title='bbox 1256 1439 1297 1507; x_wconf 88' lang='lat' dir='ltr'>ad</span> <span class='ocrx_word' id='word_1_62' title='bbox 1312 1449 1384 1518; x_wconf 89' lang='lat' dir='ltr'>res‚&#39;</span> 
     </span>
     <span class='ocr_line' id='line_1_10' title="bbox 361 1547 1380 1634; baseline 0.002 -20"><span class='ocrx_word' id='word_1_63' title='bbox 361 1567 432 1632; x_wconf 91' lang='lat' dir='ltr'>quae</span> <span class='ocrx_word' id='word_1_64' title='bbox 448 1547 594 1614; x_wconf 86' lang='lat' dir='ltr'>sensibus</span> <span class='ocrx_word' id='word_1_65' title='bbox 609 1547 841 1634; x_wconf 84' lang='lat' dir='ltr'>percipiuntur,</span> <span class='ocrx_word' id='word_1_66' title='bbox 863 1553 1024 1634; x_wconf 87' lang='lat' dir='ltr'>respectu.</span> <span class='ocrx_word' id='word_1_67' title='bbox 1043 1548 1163 1615; x_wconf 84' lang='lat' dir='ltr'>Censet</span> <span class='ocrx_word' id='word_1_68' title='bbox 1181 1548 1266 1614; x_wconf 87' lang='lat' dir='ltr'>enim</span> <span class='ocrx_word' id='word_1_69' title='bbox 1286 1548 1380 1616; x_wconf 85' lang='lat' dir='ltr'>Plato</span> 
     </span>
     <span class='ocr_line' id='line_1_11' title="bbox 361 1654 1380 1744; baseline 0.001 -23"><span class='ocrx_word' id='word_1_70' title='bbox 361 1675 425 1721; x_wconf 92' lang='lat' dir='ltr'>non</span> <span class='ocrx_word' id='word_1_71' title='bbox 445 1654 515 1722; x_wconf 86' lang='lat' dir='ltr'>fieri</span> <span class='ocrx_word' id='word_1_72' title='bbox 535 1661 685 1742; x_wconf 89' lang='lat' dir='ltr'>possent</span> <span class='ocrx_word' id='word_1_73' title='bbox 711 1677 822 1722; x_wconf 90' lang='lat' dir='ltr'>omnes</span> <span class='ocrx_word' id='word_1_74' title='bbox 848 1657 943 1738; x_wconf 81' lang='lat' dir='ltr'>unius</span> <span class='ocrx_word' id='word_1_75' title='bbox 971 1656 1089 1744; x_wconf 89' lang='lat' dir='ltr'>speciei</span> <span class='ocrx_word' id='word_1_76' title='bbox 1112 1657 1293 1725; x_wconf 82' lang='lat' dir='ltr'>animantes</span> <span class='ocrx_word' id='word_1_77' title='bbox 1312 1661 1380 1723; x_wconf 87' lang='lat' dir='ltr'>tam</span> 
     </span>
     <span class='ocr_line' id='line_1_12' title="bbox 360 1763 1379 1850; baseline 0.005 -22"><span class='ocrx_word' id='word_1_78' title='bbox 360 1767 435 1849; x_wconf 87' lang='lat' dir='ltr'>apte</span> <span class='ocrx_word' id='word_1_79' title='bbox 450 1764 535 1832; x_wconf 86' lang='lat' dir='ltr'>inter</span> <span class='ocrx_word' id='word_1_80' title='bbox 551 1783 585 1830; x_wconf 92' lang='lat' dir='ltr'>se</span> <span class='ocrx_word' id='word_1_81' title='bbox 606 1765 809 1840; x_wconf 83' lang='lat' dir='ltr'>conveniant,</span> <span class='ocrx_word' id='word_1_82' title='bbox 829 1763 892 1830; x_wconf 82' lang='lat' dir='ltr'>disi</span> <span class='ocrx_word' id='word_1_83' title='bbox 917 1769 1041 1832; x_wconf 85' lang='lat' dir='ltr'>aeterna</span> <span class='ocrx_word' id='word_1_84' title='bbox 1067 1765 1214 1850; x_wconf 79' lang='lat' dir='ltr'>quaedam</span> <span class='ocrx_word' id='word_1_85' title='bbox 1242 1766 1379 1833; x_wconf 83' lang='lat' dir='ltr'>exsistat</span> 
     </span>
     <span class='ocr_line' id='line_1_13' title="bbox 360 1870 1380 1960; baseline 0.002 -23"><span class='ocrx_word' id='word_1_86' title='bbox 360 1870 474 1950; x_wconf 86' lang='lat' dir='ltr'>forma,</span> <span class='ocrx_word' id='word_1_87' title='bbox 493 1892 513 1937; x_wconf 92' lang='lat' dir='ltr'>a</span> <span class='ocrx_word' id='word_1_88' title='bbox 533 1893 595 1957; x_wconf 91' lang='lat' dir='ltr'>qua</span> <span class='ocrx_word' id='word_1_89' title='bbox 617 1873 713 1960; x_wconf 92' lang='lat' dir='ltr'>hujus</span> <span class='ocrx_word' id='word_1_90' title='bbox 734 1872 953 1940; x_wconf 88' lang='lat' dir='ltr'>similitudinis</span> <span class='ocrx_word' id='word_1_91' title='bbox 969 1893 1066 1940; x_wconf 87' lang='lat' dir='ltr'>causa</span> <span class='ocrx_word' id='word_1_92' title='bbox 1081 1871 1231 1959; x_wconf 81' lang='lat' dir='ltr'>pendeat,</span> <span class='ocrx_word' id='word_1_93' title='bbox 1250 1893 1380 1941; x_wconf 84' lang='lat' dir='ltr'>rursus·</span> 
     </span>
     <span class='ocr_line' id='line_1_14' title="bbox 361 1981 1380 2069; baseline 0.002 -23"><span class='ocrx_word' id='word_1_94' title='bbox 361 2001 421 2066; x_wconf 89' lang='lat' dir='ltr'>que</span> <span class='ocrx_word' id='word_1_95' title='bbox 452 2001 539 2059; x_wconf 88' lang='lat' dir='ltr'>eam,</span> <span class='ocrx_word' id='word_1_96' title='bbox 573 2003 668 2068; x_wconf 88' lang='lat' dir='ltr'>quam</span> <span class='ocrx_word' id='word_1_97' title='bbox 694 1982 780 2050; x_wconf 83' lang='lat' dir='ltr'>inter</span> <span class='ocrx_word' id='word_1_98' title='bbox 803 1982 912 2069; x_wconf 87' lang='lat' dir='ltr'>plures</span> <span class='ocrx_word' id='word_1_99' title='bbox 940 1981 1082 2068; x_wconf 79' lang='lat' dir='ltr'>eJusdem</span> <span class='ocrx_word' id='word_1_100' title='bbox 1106 1982 1235 2068; x_wconf 86' lang='lat' dir='ltr'>generis</span> <span class='ocrx_word' id='word_1_101' title='bbox 1258 1981 1380 2069; x_wconf 92' lang='lat' dir='ltr'>species</span> 
     </span>
     <span class='ocr_line' id='line_1_15' title="bbox 360 2089 1382 2178; baseline 0.003 -23"><span class='ocrx_word' id='word_1_102' title='bbox 360 2089 616 2158; x_wconf 82' lang='lat' dir='ltr'>convenientiam</span> <span class='ocrx_word' id='word_1_103' title='bbox 638 2090 853 2178; x_wconf 86' lang='lat' dir='ltr'>agnoscimus,</span> <span class='ocrx_word' id='word_1_104' title='bbox 873 2090 997 2159; x_wconf 82' lang='lat' dir='ltr'>altioris</span> <span class='ocrx_word' id='word_1_105' title='bbox 1022 2095 1055 2158; x_wconf 88' lang='lat' dir='ltr'>et</span> <span class='ocrx_word' id='word_1_106' title='bbox 1078 2091 1284 2177; x_wconf 78' lang='lat' dir='ltr'>simplicioris</span> <span class='ocrx_word' id='word_1_107' title='bbox 1302 2091 1382 2160; x_wconf 90' lang='lat' dir='ltr'>alte·</span> 
     </span>
     <span class='ocr_line' id='line_1_16' title="bbox 360 2198 1381 2308; baseline 0 -42"><span class='ocrx_word' id='word_1_108' title='bbox 360 2198 428 2266; x_wconf 83' lang='lat' dir='ltr'>rius</span> <span class='ocrx_word' id='word_1_109' title='bbox 443 2198 597 2266; x_wconf 80' lang='lat' dir='ltr'>foumaeui</span> <span class='ocrx_word' id='word_1_110' title='bbox 613 2204 646 2269; x_wconf 89' lang='lat' dir='ltr'>et</span> <span class='ocrx_word' id='word_1_111' title='bbox 661 2199 836 2287; x_wconf 82' lang='lat' dir='ltr'>praesentia</span> <span class='ocrx_word' id='word_1_112' title='bbox 852 2198 945 2265; x_wconf 85' lang='lat' dir='ltr'>effici.</span> <span class='ocrx_word' id='word_1_113' title='bbox 961 2201 1029 2266; x_wconf 85' lang='lat' dir='ltr'>Has</span> <span class='ocrx_word' id='word_1_114' title='bbox 1045 2204 1153 2267; x_wconf 90' lang='lat' dir='ltr'>autem</span> <span class='ocrx_word' id='word_1_115' title='bbox 1169 2199 1260 2308; x_wconf 69' lang='lat' dir='ltr'>ideas</span> <span class='ocrx_word' id='word_1_116' title='bbox 1273 2203 1381 2267; x_wconf 89' lang='lat' dir='ltr'>mente</span> 
     </span>
     <span class='ocr_line' id='line_1_17' title="bbox 362 2305 1453 2395; baseline 0.001 -20"><span class='ocrx_word' id='word_1_117' title='bbox 362 2311 395 2375; x_wconf 87' lang='lat' dir='ltr'>et</span> <span class='ocrx_word' id='word_1_118' title='bbox 406 2307 533 2375; x_wconf 80' lang='lat' dir='ltr'>ratione</span> <span class='ocrx_word' id='word_1_119' title='bbox 544 2311 671 2376; x_wconf 91' lang='lat' dir='ltr'>tantum</span> <span class='ocrx_word' id='word_1_120' title='bbox 683 2307 902 2394; x_wconf 81' lang='lat' dir='ltr'>inquirendas,</span> <span class='ocrx_word' id='word_1_121' title='bbox 922 2309 979 2375; x_wconf 91' lang='lat' dir='ltr'>sed</span> <span class='ocrx_word' id='word_1_122' title='bbox 994 2309 1082 2376; x_wconf 92' lang='lat' dir='ltr'>nullo</span> <span class='ocrx_word' id='word_1_123' title='bbox 1098 2307 1192 2376; x_wconf 86' lang='lat' dir='ltr'>modo</span> <span class='ocrx_word' id='word_1_124' title='bbox 1202 2329 1243 2376; x_wconf 85' lang='lat' dir='ltr'>ex</span> <span class='ocrx_word' id='word_1_125' title='bbox 1254 2309 1294 2375; x_wconf 92' lang='lat' dir='ltr'>iis</span> <span class='ocrx_word' id='word_1_126' title='bbox 1310 2329 1392 2395; x_wconf 46' lang='lat' dir='ltr'>quae*</span> <span class='ocrx_word' id='word_1_127' title='bbox 1449 2305 1453 2318; x_wconf 88' lang='lat'><em>&#39;</em></span> 
     </span>
     <span class='ocr_line' id='line_1_18' title="bbox 363 2415 1381 2504; baseline 0.001 -21"><span class='ocrx_word' id='word_1_128' title='bbox 363 2417 517 2504; x_wconf 90' lang='lat' dir='ltr'>adspectu</span> <span class='ocrx_word' id='word_1_129' title='bbox 530 2417 714 2485; x_wconf 80' lang='lat' dir='ltr'>sentiuntur</span> <span class='ocrx_word' id='word_1_130' title='bbox 726 2415 922 2504; x_wconf 85' lang='lat' dir='ltr'>colligendas</span> <span class='ocrx_word' id='word_1_131' title='bbox 935 2417 1038 2485; x_wconf 83' lang='lat' dir='ltr'>docet.</span> <span class='ocrx_word' id='word_1_132' title='bbox 1052 2417 1143 2493; x_wconf 89' lang='lat' dir='ltr'>Quod</span> <span class='ocrx_word' id='word_1_133' title='bbox 1159 2417 1381 2504; x_wconf 88' lang='lat' dir='ltr'>quidemrecte</span> 
     </span>
     <span class='ocr_line' id='line_1_19' title="bbox 362 2525 1382 2595; baseline 0 -2"><span class='ocrx_word' id='word_1_134' title='bbox 362 2527 487 2594; x_wconf 88' lang='lat' dir='ltr'>censuit</span> <span class='ocrx_word' id='word_1_135' title='bbox 498 2531 531 2594; x_wconf 89' lang='lat' dir='ltr'>ct</span> <span class='ocrx_word' id='word_1_136' title='bbox 545 2526 713 2593; x_wconf 80' lang='lat' dir='ltr'>verissime</span> <span class='ocrx_word' id='word_1_137' title='bbox 726 2525 766 2592; x_wconf 91' lang='lat' dir='ltr'>de</span> <span class='ocrx_word' id='word_1_138' title='bbox 781 2546 907 2593; x_wconf 89' lang='lat' dir='ltr'>summa</span> <span class='ocrx_word' id='word_1_139' title='bbox 921 2527 997 2594; x_wconf 92' lang='lat' dir='ltr'>boni</span> <span class='ocrx_word' id='word_1_140' title='bbox 1008 2532 1127 2594; x_wconf 85' lang='lat' dir='ltr'>natura</span> <span class='ocrx_word' id='word_1_141' title='bbox 1142 2547 1179 2593; x_wconf 88' lang='lat' dir='ltr'>ae</span> <span class='ocrx_word' id='word_1_142' title='bbox 1195 2527 1234 2593; x_wconf 93' lang='lat' dir='ltr'>de</span> <span class='ocrx_word' id='word_1_143' title='bbox 1250 2527 1382 2595; x_wconf 84' lang='lat' dir='ltr'>aeternis</span> 
     </span>
     <span class='ocr_line' id='line_1_20' title="bbox 357 2633 1381 2724; baseline 0 -21"><span class='ocrx_word' id='word_1_144' title='bbox 357 2636 507 2724; x_wconf 85' lang='lat' dir='ltr'>justitiae,</span> <span class='ocrx_word' id='word_1_145' title='bbox 525 2636 705 2702; x_wconf 87' lang='lat' dir='ltr'>honestatis</span> <span class='ocrx_word' id='word_1_146' title='bbox 722 2639 818 2722; x_wconf 87' lang='lat' dir='ltr'>atque</span> <span class='ocrx_word' id='word_1_147' title='bbox 834 2633 930 2702; x_wconf 91' lang='lat' dir='ltr'>officii</span> <span class='ocrx_word' id='word_1_148' title='bbox 945 2635 1078 2722; x_wconf 82' lang='lat' dir='ltr'>regulis.</span> <span class='ocrx_word' id='word_1_149' title='bbox 1094 2636 1159 2702; x_wconf 87' lang='lat' dir='ltr'>Res</span> <span class='ocrx_word' id='word_1_150' title='bbox 1176 2635 1261 2703; x_wconf 89' lang='lat' dir='ltr'>enim</span> <span class='ocrx_word' id='word_1_151' title='bbox 1272 2639 1381 2704; x_wconf 85' lang='lat' dir='ltr'>muta-</span> 
     </span>
     <span class='ocr_line' id='line_1_21' title="bbox 361 2743 1394 2831; baseline 0 -21"><span class='ocrx_word' id='word_1_152' title='bbox 361 2745 441 2812; x_wconf 86' lang='lat' dir='ltr'>biles</span> <span class='ocrx_word' id='word_1_153' title='bbox 464 2749 498 2810; x_wconf 91' lang='lat' dir='ltr'>et</span> <span class='ocrx_word' id='word_1_154' title='bbox 519 2743 717 2831; x_wconf 81' lang='lat' dir='ltr'>imperfectae</span> <span class='ocrx_word' id='word_1_155' title='bbox 739 2743 901 2831; x_wconf 86' lang='lat' dir='ltr'>expletam</span> <span class='ocrx_word' id='word_1_156' title='bbox 917 2743 1159 2830; x_wconf 89' lang='lat' dir='ltr'>absolutamque</span> <span class='ocrx_word' id='word_1_157' title='bbox 1182 2743 1294 2831; x_wconf 92' lang='lat' dir='ltr'>optimi</span> <span class='ocrx_word' id='word_1_158' title='bbox 1310 2763 1394 2830; x_wconf 55' lang='lat' dir='ltr'>spe-1</span> 
     </span>
     <span class='ocr_line' id='line_1_22' title="bbox 282 2852 1378 2939; baseline -0.002 -19"><span class='ocrx_word' id='word_1_159' title='bbox 282 2858 285 2867; x_wconf 79' lang='lat'><em>&#39;</em></span> <span class='ocrx_word' id='word_1_160' title='bbox 361 2854 442 2920; x_wconf 84' lang='lat' dir='ltr'>ciem</span> <span class='ocrx_word' id='word_1_161' title='bbox 457 2873 560 2938; x_wconf 87' lang='lat' dir='ltr'>neque</span> <span class='ocrx_word' id='word_1_162' title='bbox 576 2853 743 2920; x_wconf 83' lang='lat' dir='ltr'>continent</span> <span class='ocrx_word' id='word_1_163' title='bbox 758 2873 861 2939; x_wconf 86' lang='lat' dir='ltr'>neque</span> <span class='ocrx_word' id='word_1_164' title='bbox 882 2853 1052 2922; x_wconf 83' lang='lat' dir='ltr'>ostendere</span> <span class='ocrx_word' id='word_1_165' title='bbox 1070 2857 1216 2938; x_wconf 87' lang='lat' dir='ltr'>possunt.</span> <span class='ocrx_word' id='word_1_166' title='bbox 1237 2852 1300 2920; x_wconf 93' lang='lat' dir='ltr'>Ubi</span> <span class='ocrx_word' id='word_1_167' title='bbox 1321 2873 1378 2918; x_wconf 86' lang='lat' dir='ltr'>au-</span> 
     </span>
     <span class='ocr_line' id='line_1_23' title="bbox 362 2960 1380 3047; baseline -0.003 -18"><span class='ocrx_word' id='word_1_168' title='bbox 362 2965 428 3029; x_wconf 88' lang='lat' dir='ltr'>tem</span> <span class='ocrx_word' id='word_1_169' title='bbox 441 2982 488 3029; x_wconf 90' lang='lat' dir='ltr'>eae</span> <span class='ocrx_word' id='word_1_170' title='bbox 507 2961 619 3028; x_wconf 81' lang='lat' dir='ltr'>iormae</span> <span class='ocrx_word' id='word_1_171' title='bbox 634 2961 833 3047; x_wconf 84' lang='lat' dir='ltr'>inquirendae</span> <span class='ocrx_word' id='word_1_172' title='bbox 850 2965 926 3028; x_wconf 90' lang='lat' dir='ltr'>sunt</span> <span class='ocrx_word' id='word_1_173' title='bbox 942 2981 1012 3046; x_wconf 89' lang='lat' dir='ltr'>quae</span> <span class='ocrx_word' id='word_1_174' title='bbox 1028 2961 1106 3046; x_wconf 87' lang='lat' dir='ltr'>ipsis</span> <span class='ocrx_word' id='word_1_175' title='bbox 1123 2961 1231 3038; x_wconf 85' lang='lat' dir='ltr'>rebus,</span> <span class='ocrx_word' id='word_1_176' title='bbox 1250 2980 1321 3046; x_wconf 89' lang='lat' dir='ltr'>quae</span> <span class='ocrx_word' id='word_1_177' title='bbox 1345 2960 1380 3026; x_wconf 94' lang='lat' dir='ltr'>in</span> 
     </span>
     <span class='ocr_line' id='line_1_24' title="bbox 361 3069 1380 3158; baseline -0.002 -20"><span class='ocrx_word' id='word_1_178' title='bbox 361 3070 479 3138; x_wconf 92' lang='lat' dir='ltr'>mundo</span> <span class='ocrx_word' id='word_1_179' title='bbox 492 3073 700 3158; x_wconf 84' lang='lat' dir='ltr'>generentur,</span> <span class='ocrx_word' id='word_1_180' title='bbox 715 3072 904 3136; x_wconf 80' lang='lat' dir='ltr'>constanter</span> <span class='ocrx_word' id='word_1_181' title='bbox 920 3074 952 3138; x_wconf 86' lang='lat' dir='ltr'>et</span> <span class='ocrx_word' id='word_1_182' title='bbox 969 3069 1060 3154; x_wconf 89' lang='lat' dir='ltr'>quasi</span> <span class='ocrx_word' id='word_1_183' title='bbox 1075 3069 1258 3136; x_wconf 87' lang='lat' dir='ltr'>necessario</span> <span class='ocrx_word' id='word_1_184' title='bbox 1279 3069 1380 3155; x_wconf 91' lang='lat' dir='ltr'>impe·</span> 
     </span>
     <span class='ocr_line' id='line_1_25' title="bbox 361 3175 1392 3286; baseline -0.003 -41"><span class='ocrx_word' id='word_1_185' title='bbox 361 3181 447 3256; x_wconf 79' lang='lat' dir='ltr'>rant,</span> <span class='ocrx_word' id='word_1_186' title='bbox 466 3177 510 3245; x_wconf 91' lang='lat' dir='ltr'>ibi</span> <span class='ocrx_word' id='word_1_187' title='bbox 526 3199 628 3264; x_wconf 92' lang='lat' dir='ltr'>neque</span> <span class='ocrx_word' id='word_1_188' title='bbox 648 3176 865 3264; x_wconf 87' lang='lat' dir='ltr'>disputatione</span> <span class='ocrx_word' id='word_1_189' title='bbox 882 3182 939 3244; x_wconf 90' lang='lat' dir='ltr'>aut</span> <span class='ocrx_word' id='word_1_190' title='bbox 957 3175 1136 3253; x_wconf 86' lang='lat' dir='ltr'>dialectica,</span> <span class='ocrx_word' id='word_1_191' title='bbox 1156 3196 1260 3262; x_wconf 91' lang='lat' dir='ltr'>neque</span> <span class='ocrx_word' id='word_1_192' title='bbox 1283 3176 1392 3286; x_wconf 72' lang='lat' dir='ltr'>etiam¹</span> 
     </span>
     <span class='ocr_line' id='line_1_26' title="bbox 361 3285 1382 3374; baseline -0.002 -20"><span class='ocrx_word' id='word_1_193' title='bbox 361 3288 418 3354; x_wconf 87' lang='lat' dir='ltr'>illa</span> <span class='ocrx_word' id='word_1_194' title='bbox 433 3287 582 3354; x_wconf 86' lang='lat' dir='ltr'>mentisa</span> <span class='ocrx_word' id='word_1_195' title='bbox 597 3286 744 3354; x_wconf 91' lang='lat' dir='ltr'>sensibus</span> <span class='ocrx_word' id='word_1_196' title='bbox 767 3286 921 3374; x_wconf 88' lang='lat' dir='ltr'>sejunctae</span> <span class='ocrx_word' id='word_1_197' title='bbox 937 3307 1033 3352; x_wconf 85' lang='lat' dir='ltr'>mera</span> <span class='ocrx_word' id='word_1_198' title='bbox 1052 3285 1269 3352; x_wconf 87' lang='lat' dir='ltr'>intellectione</span> <span class='ocrx_word' id='word_1_199' title='bbox 1289 3289 1382 3353; x_wconf 90' lang='lat' dir='ltr'>uten-</span> 
     </span>
     <span class='ocr_line' id='line_1_27' title="bbox 363 3393 1383 3481; baseline 0 -19"><span class='ocrx_word' id='word_1_200' title='bbox 363 3395 438 3462; x_wconf 90' lang='lat' dir='ltr'>dum</span> <span class='ocrx_word' id='word_1_201' title='bbox 454 3401 516 3474; x_wconf 86' lang='lat' dir='ltr'>est,</span> <span class='ocrx_word' id='word_1_202' title='bbox 535 3394 591 3462; x_wconf 89' lang='lat' dir='ltr'>sed</span> <span class='ocrx_word' id='word_1_203' title='bbox 603 3395 799 3463; x_wconf 85' lang='lat' dir='ltr'>haoratione</span> <span class='ocrx_word' id='word_1_204' title='bbox 812 3395 1040 3481; x_wconf 80' lang='lat' dir='ltr'>quamprimus</span> <span class='ocrx_word' id='word_1_205' title='bbox 1052 3393 1245 3463; x_wconf 80' lang='lat' dir='ltr'>Aristoteles</span> <span class='ocrx_word' id='word_1_206' title='bbox 1255 3399 1383 3462; x_wconf 89' lang='lat' dir='ltr'>secutus</span> 
     </span>
     <span class='ocr_line' id='line_1_28' title="bbox 363 3501 1384 3592; baseline -0.004 -20"><span class='ocrx_word' id='word_1_207' title='bbox 363 3508 424 3583; x_wconf 82' lang='lat' dir='ltr'>est,</span> <span class='ocrx_word' id='word_1_208' title='bbox 442 3503 475 3570; x_wconf 93' lang='lat' dir='ltr'>id</span> <span class='ocrx_word' id='word_1_209' title='bbox 491 3508 553 3584; x_wconf 91' lang='lat' dir='ltr'>est,</span> <span class='ocrx_word' id='word_1_210' title='bbox 572 3501 771 3592; x_wconf 83' lang='lat' dir='ltr'>singularum</span> <span class='ocrx_word' id='word_1_211' title='bbox 783 3525 892 3570; x_wconf 86' lang='lat' dir='ltr'>rerum</span> <span class='ocrx_word' id='word_1_212' title='bbox 905 3503 1143 3590; x_wconf 79' lang='lat' dir='ltr'>comparatione</span> <span class='ocrx_word' id='word_1_213' title='bbox 1155 3521 1226 3588; x_wconf 82' lang='lat' dir='ltr'>quaa</span> <span class='ocrx_word' id='word_1_214' title='bbox 1239 3502 1384 3570; x_wconf 90' lang='lat' dir='ltr'>eamdem</span> 
     </span>
     <span class='ocr_line' id='line_1_29' title="bbox 363 3611 1396 3709; baseline -0.002 -28"><span class='ocrx_word' id='word_1_215' title='bbox 363 3633 625 3709; x_wconf 86' lang='lat' dir='ltr'>communemque</span> <span class='ocrx_word' id='word_1_216' title='bbox 647 3612 785 3680; x_wconf 80' lang='lat' dir='ltr'>formam</span> <span class='ocrx_word' id='word_1_217' title='bbox 808 3611 909 3680; x_wconf 83' lang='lat' dir='ltr'>variis</span> <span class='ocrx_word' id='word_1_218' title='bbox 932 3611 1122 3680; x_wconf 85' lang='lat' dir='ltr'>differentiis</span> <span class='ocrx_word' id='word_1_219' title='bbox 1141 3611 1325 3681; x_wconf 87' lang='lat' dir='ltr'>distinctam</span> <span class='ocrx_word' id='word_1_220' title='bbox 1351 3615 1396 3679; x_wconf 45' lang='lat' dir='ltr'>et*</span> 
     </span>
     <span class='ocr_line' id='line_1_30' title="bbox 363 3720 938 3810; baseline -0.005 -20"><span class='ocrx_word' id='word_1_221' title='bbox 363 3721 455 3809; x_wconf 87' lang='lat' dir='ltr'>quasi</span> <span class='ocrx_word' id='word_1_222' title='bbox 469 3722 622 3806; x_wconf 70' lang='lat' dir='ltr'>uestitum</span> <span class='ocrx_word' id='word_1_223' title='bbox 637 3721 738 3790; x_wconf 90' lang='lat' dir='ltr'>oculis</span> <span class='ocrx_word' id='word_1_224' title='bbox 755 3720 938 3810; x_wconf 89' lang='lat' dir='ltr'>subjiciunt.</span> 
     </span>
    </p>

    <p class='ocr_par' dir='ltr' id='par_1_4' title="bbox 276 3821 1385 4247">
     <span class='ocr_line' id='line_1_31' title="bbox 409 3821 1385 3917; baseline -0.006 -17"><span class='ocrx_word' id='word_1_225' title='bbox 409 3821 541 3900; x_wconf 87' lang='lat' dir='ltr'>Simiam</span> <span class='ocrx_word' id='word_1_226' title='bbox 557 3831 642 3898; x_wconf 90' lang='lat' dir='ltr'>leoni</span> <span class='ocrx_word' id='word_1_227' title='bbox 654 3834 715 3898; x_wconf 83' lang='lat' dir='ltr'>&#39;aut</span> <span class='ocrx_word' id='word_1_228' title='bbox 730 3852 811 3917; x_wconf 88' lang='lat' dir='ltr'>equo</span> <span class='ocrx_word' id='word_1_229' title='bbox 824 3829 971 3898; x_wconf 81' lang='lat' dir='ltr'>conseres</span> <span class='ocrx_word' id='word_1_230' title='bbox 990 3855 998 3896; x_wconf 75' lang='grc' dir='ltr'><strong><em>ε</em></strong></span> <span class='ocrx_word' id='word_1_231' title='bbox 1015 3829 1096 3896; x_wconf 91' lang='lat' dir='ltr'>nihil</span> <span class='ocrx_word' id='word_1_232' title='bbox 1108 3829 1212 3915; x_wconf 81' lang='lat' dir='ltr'>primo</span> <span class='ocrx_word' id='word_1_233' title='bbox 1228 3828 1385 3914; x_wconf 71' lang='lat' dir='ltr'>adspectu</span> 
     </span>
     <span class='ocr_line' id='line_1_32' title="bbox 276 3935 1383 4028; baseline -0.011 -15"><span class='ocrx_word' id='word_1_234' title='bbox 276 4009 280 4013; x_wconf 85' lang='lat'>.</span> <span class='ocrx_word' id='word_1_235' title='bbox 362 3940 465 4028; x_wconf 84' lang='lat' dir='ltr'>magis</span> <span class='ocrx_word' id='word_1_236' title='bbox 477 3939 657 4018; x_wconf 79' lang='lat' dir='ltr'>diuersum3</span> <span class='ocrx_word' id='word_1_237' title='bbox 675 3940 791 4027; x_wconf 90' lang='lat' dir='ltr'>quidsi</span> <span class='ocrx_word' id='word_1_238' title='bbox 805 3937 1067 4024; x_wconf 79' lang='lat' dir='ltr'>vespertilionem</span> <span class='ocrx_word' id='word_1_239' title='bbox 1082 3940 1139 4005; x_wconf 88' lang='lat' dir='ltr'>aut</span> <span class='ocrx_word' id='word_1_240' title='bbox 1153 3937 1302 4024; x_wconf 83' lang='lat' dir='ltr'>phocam,</span> <span class='ocrx_word' id='word_1_241' title='bbox 1316 3935 1383 4002; x_wconf 92' lang='lat' dir='ltr'>imo</span> 
     </span>
     <span class='ocr_line' id='line_1_33' title="bbox 362 4045 1383 4148; baseline -0.006 -31"><span class='ocrx_word' id='word_1_242' title='bbox 362 4049 483 4138; x_wconf 87' lang='lat' dir='ltr'>piscem</span> <span class='ocrx_word' id='word_1_243' title='bbox 502 4047 559 4148; x_wconf 77' lang='lat' dir='ltr'>aut</span> <span class='ocrx_word' id='word_1_244' title='bbox 579 4069 672 4116; x_wconf 82' lang='lat' dir='ltr'>auem</span> <span class='ocrx_word' id='word_1_245' title='bbox 693 4048 728 4116; x_wconf 91' lang='lat' dir='ltr'>in</span> <span class='ocrx_word' id='word_1_246' title='bbox 748 4047 1021 4134; x_wconf 84' lang='lat' dir='ltr'>comparationem</span> <span class='ocrx_word' id='word_1_247' title='bbox 1045 4045 1236 4113; x_wconf 82' lang='lat' dir='ltr'>adduxerisl</span> <span class='ocrx_word' id='word_1_248' title='bbox 1268 4045 1383 4113; x_wconf 79' lang='lat' dir='ltr'>formae</span> 
     </span>
     <span class='ocr_line' id='line_1_34' title="bbox 364 4153 1385 4247; baseline -0.009 -18"><span class='ocrx_word' id='word_1_249' title='bbox 364 4157 429 4230; x_wconf 78' lang='lat' dir='ltr'>illae</span> <span class='ocrx_word' id='word_1_250' title='bbox 444 4177 577 4247; x_wconf 84' lang='lat' dir='ltr'>prorsus</span> <span class='ocrx_word' id='word_1_251' title='bbox 592 4159 678 4224; x_wconf 87' lang='lat' dir='ltr'>iuter</span> <span class='ocrx_word' id='word_1_252' title='bbox 689 4177 725 4224; x_wconf 90' lang='lat' dir='ltr'>se</span> <span class='ocrx_word' id='word_1_253' title='bbox 737 4156 910 4234; x_wconf 74' lang='lat' dir='ltr'>contrarias</span> <span class='ocrx_word' id='word_1_254' title='bbox 919 4156 1063 4243; x_wconf 89' lang='lat' dir='ltr'>nihilque</span> <span class='ocrx_word' id='word_1_255' title='bbox 1074 4173 1249 4222; x_wconf 89' lang='lat' dir='ltr'>commuue</span> <span class='ocrx_word' id='word_1_256' title='bbox 1264 4153 1385 4222; x_wconf 84' lang='lat' dir='ltr'>habers</span> 
     </span>
    </p>
   </div>
   <div class='ocr_carea' id='block_1_4' title="bbox 0 0 1575 4938">
    <p class='ocr_par' dir='ltr' id='par_1_5' title="bbox 0 0 1575 4938">
     <span class='ocr_line' id='line_1_35' title="bbox 0 0 1575 4938; baseline 0 0"><span class='ocrx_word' id='word_1_257' title='bbox 0 0 1575 4938; x_wconf 95' lang='lat' dir='ltr'> </span> 
     </span>
    </p>
   </div>
  </div>
 </body>
</html>
