3134 4938
182 649 240 718 des
263 651 339 716 cnm
367 645 572 735 serpentibus
596 651 631 717 et
652 643 843 737 marspedis,
865 641 971 736 pisces
992 665 1066 718 cum
1088 636 1204 717 ostreis

183 757 434 846 conjungrmtur.

171 935 173 944 ,
226 863 432 934 Illas-tamen
446 865 620 953 bipertitas
643 865 817 936 divisiones
834 867 1018 953 praesertim
1041 867 1205 955 vituperat

183 975 380 1043 Aristoteles
397 972 457 1066 (l),
485 975 519 1041 in
538 974 651 1060 quibus
672 967 776 1042 multa
793 976 903 1062 arguit
917 969 1134 1054 incommoda,x
1149 975 1207 1042 sed

184 1081 247 1154 hoc
258 1084 498 1172 gravissimum,
510 1085 646 1170 quodad
657 1105 736 1152 vera
747 1087 875 1152 naturae
885 1105 1006 1173 genera
1021 1085 1137 1154 ducere
1152 1079 1208 1151 ne·

149 1259 153 1268 ,
187 1199 318 1278 queant,
336 1194 400 1260 imo
416 1193 559 1280 ejusdem
579 1194 707 1280 generis
724 1194 847 1280 species
863 1213 950 1290 saepe
973 1195 1158 1262 distrahant
1174 1197 1207 1261 et
1247 1232 1253 1248 ι

53 1289 54 1292 “
162 1380 165 1385 ,
185 1301 220 1368 in
235 1303 313 1370 locis
329 1303 484 1390 oppositis
504 1308 642 1389 ponant;
665 1307 702 1372 ut
717 1303 825 1370 avium
839 1323 916 1390 pars
930 1303 965 1396 in
981 1303 1066 1370 aeris
1077 1303 1204 1383 incolis

185 1431 262 1498 pars
281 1413 316 1479 in
337 1413 532 1498 aquatilibus
556 1416 614 1480 aut
636 1411 671 1478 in
692 1412 904 1512 terrestribus
925 1413 1090 1480 numerari
1111 1412 1206 1480 debe·

186 1524 278 1598 rent3
297 1520 373 1606 quin
389 1521 488 1587 etiam
503 1519 674 1605 aliquando
689 1521 852 1589 accideret
863 1524 900 1588 ut
911 1541 975 1588 una
991 1521 1113 1608 species
1129 1542 1208 1606 qua·

185 1628 261 1696 darn
277 1628 460 1696 differentia
482 1629 516 1694 in
534 1629 613 1695 duas
637 1631 747 1715 partes
771 1634 948 1709 secaretur,
974 1629 1064 1697 velut
1083 1629 1209 1696 alarum

186 1737 363 1825 praesentia
378 1743 435 1806 aut
450 1738 597 1805 absentia
609 1737 750 1805 formicae
765 1739 893 1825 illaeque
920 1739 1103 1817 cicendela,
1123 1759 1206 1824 quae,

187 1868 286 1932 quum
300 1849 412 1915 volare
427 1851 601 1932 nequeant,
624 1868 747 1913 marem
762 1847 919 1935 aligerum
935 1849 1065 1934 proprio
1085 1848 1210 1934 fulgore
1252 1897 1254 1904 s

188 1959 318 2025 vocant.
337 1958 526 2042 Rursusque
542 1957 576 2022 in
590 1957 704 2022 eodem
720 1977 838 2043 genere
856 1951 1133 2023 coacervarentur
1148 1948 1213 2022 fore

188 2087 251 2130 mae
263 2066 350 2132 inter
366 2087 401 2131 se
417 2065 556 2130 maxime
584 2065 774 2145 contraria,
801 2069 834 2132 et
852 2066 943 2150 quasi
961 2067 1060 2132 verbo
1083 2068 1211 2132 tanturn

190 2175 435 2252 convenientem
463 2178 510 2242 'ut
540 2175 692 2243 homost
715 2175 785 2242 auis
812 2173 943 2259 bipedes
967 2174 1127 2252 dicuntur,
1155 2173 1212 2240 sed

192 2281 360 2369 longealia
371 2283 497 2349 ratione
513 2282 643 2368 bipedes
657 2287 749 2360 sunt;
768 2284 909 2368 itemque
920 2283 1045 2348 insecta
1060 2303 1132 2348 cum
1144 2281 1213 2348 aviss

192 2391 252 2457 bus
267 2393 300 2457 in
315 2393 482 2459 voluerum
498 2397 583 2459 coetu
595 2413 660 2458 una
675 2393 922 2469 collocarentur,
941 2391 1085 2476 quamvis
1101 2411 1213 2456 eorum

192 2501 253 2566 alae
262 2501 382 2567 nullam
401 2503 543 2569 habeant
554 2523 626 2598 cum
639 2502 752 2588 pennis
761 2502 868 2567 avium
877 2499 1115 2587 cognationem:
1133 2519 1214 2565 uera

193 2609 279 2674 enim
305 2610 456 2696 cujusque
493 2609 685 2676 differentiae
721 2613 840 2675 natura
869 2629 889 2673 a
918 2609 1043 2692 reliqua
1069 2603 1213 2692 corporis

194 2719 357 2782 structura
377 2703 478 2802 atque
496 2720 624 2784 omnino
649 2740 668 2783 a
693 2718 810 2803 speciei
831 2717 972 2782 essentia
991 2714 1119 2802 pendet.
1140 2715 1213 2781 Una

192 2823 302 2908 itaque
336 2823 516 2892 differentia
537 2826 771 2894 ‘dividentibus
813 2825 996 2892 necessario
1027 2824 1144 2890 accidit
1177 2827 1214 2890 ut

191 2953 291 2998 unum
317 2933 351 3000 in
376 2934 484 3019 plures
510 2936 605 3001 eadat
636 2935 808 3001 divisiones
830 2941 863 3002 et
883 2933 1047 3001 contraria
1070 2932 1104 2998 in
1126 2953 1213 2998 eam-

191 3042 275 3107 dem.
303 3043 471 3110 Praeterea
492 3045 610 3130 saepius
626 3043 664 3110 fit
682 3049 718 3113 ut
741 3044 863 3129 species
881 3047 913 3109 et
929 3063 1050 3130 genera
1066 3042 1213 3108 acciden-

190 3150 271 3216 tium
296 3153 329 3215 et
348 3150 506 3226 lariorum
534 3167 684 3219 notarum
709 3152 966 3219 consideratione
997 3147 1210 3228 definiantur,

190 3277 257 3322 non
273 3258 311 3323 iis
329 3280 400 3344 quae
415 3280 527 3327 veram
539 3263 690 3326 naturam
703 3266 735 3329 et
751 3261 925 3328 essentiam
937 3260 1147 3326 constituant.

237 3367 306 3440 Hac
324 3367 491 3434 dialectica
506 3364 660 3448 ratione,
687 3369 794 3455 pergit
813 3369 1019 3446 Aristoteles,
1043 3369 1150 3454 potior
1165 3371 1214 3441 est

190 3474 292 3562 ipsius
306 3477 395 3562 vulgi
411 3497 536 3553 sensus,
565 3499 627 3563 quc
651 3479 813 3544 naturalia
841 3478 989 3562 quaedam
1010 3475 1158 3563 generaj

191 3582 435 3670 circumscripta
457 3588 544 3662 sunt,
570 3589 607 3652 ut
623 3587 730 3652 avium
751 3590 784 3651 et
807 3587 953 3672 piscium,
981 3606 1051 3671 quae
1068 3583 1214 3671 pluribus

190 3690 380 3759 differentiis
395 3694 624 3762 terminantur.
646 3695 710 3762 Sed
726 3695 829 3762 multa
852 3695 916 3760 alia
935 3695 1068 3780 insuper
1081 3695 1159 3760 ¹sunt
1171 3693 1214 3758 -in

190 3805 319 3878 nature,
345 3822 416 3886 quae
436 3802 566 3869 nomine
589 3805 702 3869 carent
723 3805 843 3887 atquae
863 3802 975 3868 eodem
995 3802 1089 3868 modo
1107 3800 1213 3887 inqui-

190 3909 293 3980 renda
309 3914 407 3977 sunt:
428 3933 525 3997 quum
542 3913 627 3979 eninr
642 3933 708 3980 non
723 3932 788 3978 una
801 3911 1021 3992 similitudine,
1040 3911 1097 3978 sed
1109 3910 1212 3978 omnis
1290 3959 1292 3966 Α

227 4141 260 4211 tlt
280 4143 321 4201 ne
335 4151 410 4216 part.
427 4141 517 4202 anim.
529 4145 551 4216 1,
568 4146 630 4203 aet
645 4146 673 4203 3.
