3106 4932
832 309 844 336 Ν

820 517 1000 585 ..68-

402 661 541 742 ostendit
563 659 754 728 Aristoteles
783 658 841 752 (l).
873 662 987 748 Siccae
1004 662 1117 748 quibus
1134 680 1256 750 ungues
1286 661 1405 737 adunci,

402 771 522 836 eaedem
543 774 649 836 rostro
665 770 796 836 robusto
822 793 981 856 curvoque
1002 775 1181 850 armantur,
1201 770 1317 838 collum
1333 789 1411 837 cras·

401 899 471 944 sum
480 883 514 945 et
525 878 635 953 breve,
651 879 774 964 pondus
787 898 845 965 pro
858 879 1001 966 corporis
1014 883 1109 966 captu
1122 883 1155 946 et
1174 879 1289 945 robore
1301 879 1408 954 levius,

400 987 530 1072 alasque
551 987 710 1053 maximas
733 1009 859 1076 semper
882 989 1013 1056 habent.
1038 989 1117 1064 Quae
1138 992 1252 1054 contra
1270 989 1307 1074 in
1327 987 1410 1073 aquis
1433 1045 1437 1054 ,
1475 987 1478 994 ’
1512 1035 1513 1074 3

400 1115 504 1161 escam
526 1101 685 1181 quaerunt,
706 1096 778 1163 colli
800 1091 991 1183 crurumque
1013 1097 1215 1184 longitudine
1233 1096 1285 1164 vel
1301 1095 1410 1182 pedum
1512 1085 1513 1092 ἵ

398 1205 526 1290 palmis,
546 1206 728 1291 eaedemque
744 1209 850 1312 rostro
867 1210 956 1273 recto
976 1207 1009 1272 in
1021 1205 1254 1292 longitudinem
1270 1210 1326 1306 aut
1343 1204 1410 1271 lati-

398 1313 542 1380 tudinem
557 1335 616 1399 pro
636 1315 698 1380 cibi
714 1318 831 1380 natura
847 1319 941 1382 aucto
958 1314 1110 1382 eminent.
1130 1315 1227 1403 Cujus
1249 1313 1330 1400 legis
1346 1313 1410 1380 rin-

398 1423 469 1488 cnlo
496 1423 560 1489 illae
587 1426 653 1488 tam
681 1423 882 1518 dissimilium
909 1425 1198 1492 instrumentorum
1227 1421 1411 1489 differentiae

398 1531 611 1618 colligantur?
628 1533 702 1599 Non
722 1533 868 1617 equidem
890 1553 910 1598 a
930 1533 1089 1599 communi
1112 1532 1250 1618 quadam
1270 1530 1410 1597 omnibus

397 1640 737 1728 avibuslegepcndent
752 1640 816 1707 illae
832 1642 1058 1720 connexiones
1075 1662 1170 1726 quum
1183 1641 1263 1706 nihil
1275 1639 1411 1706 habeant

397 1748 482 1816 inter
498 1756 532 1815 s‘e
545 1750 660 1826 simile,
679 1771 781 1835 neque
798 1771 818 1816 a
834 1750 938 1816 causis
955 1749 1178 1817 exterioribus.
1195 1749 1352 1816 Fortuitae
1364 1751 1409 1813 at·

397 1879 457 1942 que
473 1859 546 1926 aliae
561 1860 601 1925 ab
618 1858 693 1924 aliis
706 1859 820 1927 solutae
836 1880 943 1926 causae
959 1880 1024 1926 non
1036 1860 1217 1945 potuissent
1229 1859 1410 1924 omniacor-
1512 1863 1513 1868 ’

395 1968 484 2053 poris
500 1969 659 2034 elementa
675 1967 769 2034 simul
785 1972 818 2035 et
833 1971 1020 2035 constanter
1035 1968 1194 2034 adducere
1206 1967 1248 2034 ad
1263 1967 1335 2034 illas
1347 1987 1410 2032 nru-

395 2077 534 2144 tationes
559 2098 630 2162 quae
652 2076 738 2143 inter
760 2098 794 2143 se
816 2098 949 2163 prorsus
974 2075 1137 2153 differunt,
1164 2076 1314 2142 videlicet
1332 2076 1410 2141 hanc
1449 2097 1453 2101 ·
1512 2113 1513 2168 p

244 2195 248 2212 “
296 2182 299 2184 ’
394 2191 521 2270 partem
537 2206 655 2272 augere
668 2185 767 2251 'simul
783 2189 816 2252 et
830 2185 919 2251 illam
929 2185 1084 2262 minuere,
1099 2185 1152 2251 hic
1164 2185 1406 2272 longitudinem,

394 2293 446 2360 hic
461 2294 675 2373 latitudinem,
694 2292 760 2360 illic
780 2293 904 2380 pondus
928 2297 984 2361 aut
1003 2288 1248 2372 robur'addere‚
1268 2292 1407 2380 singula·

393 2424 526 2496 rumque
543 2401 664 2492 figuras
680 2401 755 2480 uria,
775 2403 831 2469 sed
847 2402 974 2470 diverse
990 2406 1189 2470 convertere.
1214 2403 1335 2470 Omnes
1350 2400 1408 2467 illae

393 2511 582 2588 differentiae
604 2533 674 2598 quae
696 2513 730 2578 in
747 2511 858 2578 eadem
879 2512 984 2597 specie
1006 2511 1264 2579 constantissime
1272 2510 1408 2598 ,conjun-

392 2625 523 2708 guntur,
547 2621 628 2690 nihil
649 2621 737 2687 inter
757 2641 791 2688 se
815 2641 981 2687 commune
1001 2619 1132 2697 habent,
1152 2620 1215 2686 nisi
1238 2621 1323 2705 quod
1344 2618 1407 2684 ani·

392 2734 533 2816 mantem
553 2731 594 2796 ad
618 2729 966 2815 definitumquoddam
990 2729 1067 2798 vitae
1093 2711 1193 2816 ⁴genus
1216 2731 1329 2814 aptum
1350 2724 1409 2793 effi·

391 2838 497 2905 ciant:
515 2838 605 2904 nulla
628 2837 729 2924 igitur
755 2837 893 2904 inveniri
924 2840 1032 2924 potest
1063 2857 1174 2903 earum
1204 2834 1407 2902 connexionis

291 3007 294 3012 .
390 2967 506 3024 causas
524 2945 586 3012 nisi
602 2945 745 3032 corporis
763 2945 1009 3031 descriptionem
1025 2944 1119 3031 hujus
1136 2944 1209 3011 finis
1225 2945 1334 3032 gratia
1350 2943 1407 3011 dis·

389 3055 527 3140 positam
543 3074 613 3120 esse
631 3054 763 3140 cogites
785 3055 998 3138 Quaecumque
1015 3073 1092 3140 ergo
1108 3053 1141 3118 in
1162 3053 1316 3139 cujusque
1343 3051 1406 3118 avis
1454 3085 1458 3100 ι

389 3167 553 3230 structura
565 3163 605 3228 ad
621 3183 787 3229 commune
804 3161 932 3248 generis
947 3162 1113 3247 ¹exemplar
1128 3160 1242 3228 referri
1255 3183 1321 3228 non
1336 3180 1405 3247 pos·

389 3277 474 3352 sunt,
494 3293 515 3338 a
525 3272 655 3359 proprio
672 3271 788 3358 speciei
804 3269 868 3336 fine
884 3269 1041 3356 originem
1057 3269 1188 3336 ducunt.
1209 3269 1278 3336 Illac
1301 3270 1344 3336 ad
1362 3268 1406 3334 vi·

388 3386 454 3448 tam
478 3381 680 3450 carnivorum
699 3383 731 3446 et
748 3379 977 3466 praedatoriam
992 3377 1249 3458 destinabantur,
1269 3381 1303 3444 ct
1323 3377 1406 3444 hanc

386 3491 488 3578 ipsam
506 3491 545 3558 ob
562 3511 691 3558 causam
714 3492 825 3556 acutos
845 3487 917 3554 illos
933 3507 1067 3574 ungues
1087 3487 1229 3558 ¹validum
1248 3491 1401 3561 rostrum,

387 3601 507 3668 celeres
537 3620 672 3695 pennas,
700 3597 874 3664 acerrimos
912 3597 1020 3664 oculos
1051 3595 1220 3681 omniaque
1250 3596 1339 3662 intus
1364 3591 1405 3658 ¹ad

385 3730 515 3776 carnem
531 3705 760 3776 conficiendam
775 3705 959 3774 necessaria
970 3725 1133 3790 accepere.
1151 3703 1232 3770 Aliis
1245 3703 1350 3770 victus
1366 3720 1404 3766 ex

384 3819 504 3906 plantis
536 3820 592 3884 aut
622 3815 832 3886 terrestribus
862 3813 1007 3882 bestiolis
1038 3810 1277 3908 assignabatur,
1311 3815 1405 3896 atque

656 3923 665 3950 0

423 4082 455 4146 ll)
475 4079 517 4136 De
537 4079 612 4150 part.
632 4035 734 4145 anim,
757 4073 803 4145 lv,
829 4071 863 4130 lt
883 4074 912 4130 ct
934 4073 983 4143 lll,
1006 4071 1034 4128 l.
1063 4071 1153 4127 -De
1174 4065 1345 4128 animalium
1362 4063 1403 4124 in·

385 4181 485 4240 cassu,
501 4167 545 4223 lo.
607 4226 609 4236 ,
