3134 4938
553 1261 555 1268 ·
605 1259 819 1342 PARS
873 1260 1141 1366 PRrMA

435 1581 492 1648 Dc
507 1583 623 1646 ratione
639 1603 698 1664 quo
713 1575 785 1644 usus
799 1589 843 1645 est
857 1554 1037 1647 Aristoteles
1052 1585 1085 1648 ic
1100 1567 1314 1649 distribuendis

589 1725 592 1732 ,
678 1691 880 1755 animantium
895 1693 1064 1774 peceribus.

408 2071 435 2138 1.
464 2069 576 2137 Omnis
599 2069 639 2136 de
662 2071 781 2137 natura
804 2069 992 2138 animalium
1018 2070 1138 2158 duplex
1160 2077 1211 2139 est
1234 2072 1379 2158 quaestio.

340 2188 343 2197 '
364 2180 472 2247 Unum
489 2199 590 2266 genus
614 2182 665 2246 est
680 2179 764 2265 quod
779 2180 922 2266 pertinet
936 2181 978 2248 ad
993 2181 1185 2267 principium
1199 2179 1277 2250 vitae
1297 2209 1303 2248 ε
1322 2182 1383 2250 sci-

363 2288 440 2355 licet
454 2286 679 2373 inquirendum
695 2293 745 2356 est
761 2309 832 2374 quae
849 2289 892 2354 sit
911 2289 945 2354 in
966 2309 1155 2376 unoquoque
1179 2273 1290 2357 eorum
1313 2312 1384 2376 quae

365 2397 500 2465 dicimus
517 2396 639 2475 viuere,
659 2416 758 2462 causa
773 2383 935 2483 illa'cujus
950 2397 982 2463 ri
999 2401 1032 2462 et
1046 2398 1173 2464 ratione
1190 2418 1301 2465 omnes
1316 2419 1385 2465 mo-

364 2509 418 2574 tus
433 2504 549 2574 vitales
566 2503 762 2582 efficiantur,
782 2495 844 2590 ipra
865 2508 955 2571 corta
970 2505 1115 2592 corporis
1131 2510 1228 2592 atque
1244 2507 1385 2575 omnium
1443 2555 1446 2563 .

365 2614 506 2702 partium
529 2613 716 2700 compositio
740 2619 922 2700 caeteraque
942 2617 1099 2702 regantur
1121 2610 1235 2700 cuique
1259 2619 1386 2684 naturae

354 2724 508 2812 ,propria
527 2722 676 2792 Alterum
695 2744 773 2791 vero
790 2745 892 2811 genus
915 2728 1041 2811 spectat
1060 2725 1101 2790 ad
1117 2745 1301 2792 communes
1317 2746 1385 2791 om·
1461 2769 1463 2773 .

365 2833 454 2899 nium
467 2830 646 2918 specierum
657 2851 771 2898 causas
787 2832 872 2899 etad
884 2831 1041 2920 principia
1054 2832 1168 2918 quibus
1184 2837 1308 2900 cunctae
1320 2833 1385 2900 illae

366 2943 494 3007 naturae
518 2940 652 3028 singulis
677 2939 893 3007 animantibus
915 2941 1057 3026 proprias
1079 2941 1264 3008 constitutae
1287 2945 1383 3020 sunt;

368 3069 439 3133 quae
461 3047 505 3114 sit
523 3051 574 3114 tot
594 3047 771 3115 formarum
795 3046 994 3114 diversitatis
1018 3046 1126 3135 erige,
1150 3049 1225 3135 quid
1240 3049 1273 3116 in
1295 3053 1388 3118 tanta

366 3155 527 3224 uarietate
552 3155 792 3224 similitudinem
814 3159 848 3222 et
871 3155 1017 3222 ordinem
1041 3162 1168 3236 servet,
1195 3179 1267 3244 quae
1290 3177 1388 3226 causa

368 3263 436 3331 sive
456 3263 607 3342 fortuita,
626 3265 693 3332 sive
709 3262 782 3330 finis
798 3265 855 3330 aut
869 3263 941 3342 lex‚'
960 3264 1067 3332 omnia
1087 3267 1240 3354 quusque
1260 3269 1387 3334 naturae

370 3373 531 3442 elementa
546 3372 681 3460 elegerit
696 3377 729 3442 et
744 3372 964 3460 conjunxerit,
983 3375 1127 3460 corporis
1143 3374 1389 3464 descriptionem

368 3479 648 3568 membrorumque
663 3481 818 3549 fabricam
835 3485 868 3550 et
883 3481 981 3548 situm
999 3483 1227 3571 assignaverit.

415 3591 463 3658 De
477 3590 579 3678 priori
603 3590 730 3677 quidem
746 3590 923 3676 quaestione
939 3591 1014 3676 quid
1034 3592 1173 3659 senserit
1196 3591 1389 3660 Aristoteles

323 3704 325 3708 ’
369 3700 405 3768 in
426 3700 530 3768 altera
554 3683 779 3769 dissertatione
801 3699 1005 3788 exposuimus
1028 3699 1133 3767 :illud
1153 3700 1250 3767 vitale
1270 3700 1389 3787 princi-

369 3806 473 3895 pium,
492 3809 576 3895 quod
591 3809 731 3877 animam
750 3811 859 3889 vocat,
877 3808 944 3876 uim
963 3829 1034 3876 esse
1057 3809 1227 3894 quamdam
1243 3809 1389 3876 materiae

370 3917 520 3996 insitam,
539 3939 605 3985 non
621 3920 748 4004 quidem
763 3919 927 3997 innatam,
946 3918 1003 3985 sed
1025 3919 1308 3996 communicatam,
1328 3939 1391 4003 qua

372 4047 509 4113 corpora
523 4027 666 4094 inanima
689 4027 817 4094 omnino
834 4029 982 4106 careant,
1001 4048 1073 4114 quae
1093 4030 1192 4094 certae
1216 4027 1390 4093 elemento·

376 4155 449 4204 mm
473 4136 669 4205 concretioni
688 4136 763 4206 addi
789 4135 893 4226 possit
916 4134 1016 4226 stab
1040 4135 1152 4206 eadem
1178 4135 1304 4220 amitti,
1334 4134 1391 4206 sed
