3106 4932
721 483 930 578 '-co-

332 661 494 724 terrarum
504 654 716 740 formaequae
723 654 879 742 paulann
890 655 1087 721 exteriorum
1100 675 1270 722 causarum
1282 653 1350 723 effi·

332 766 418 833 cient
419 764 483 831 iae
485 763 611 852 tlonga
626 767 789 832 vetustate
804 763 998 842 immutatae,
1011 785 1096 832 nunc
1111 785 1229 832 consue
1230 765 1351 832 tudinis

321 875 438 942 *insitae
462 874 495 940 ui
523 879 557 942 et
581 894 640 959 ope
661 874 721 942 has
742 873 871 940 ultimas
894 873 1027 961 figuras,
1056 895 1134 959 quas
1161 874 1347 950 induerunt,

334 988 478 1060 servent,
505 988 538 1050 et
562 983 595 1049 in
618 983 711 1049 brevi
742 983 967 1078 generationis,
982 987 1138 1070 ternpore,
1163 1004 1222 1068 per
1241 1003 1350 1050 omnes

332 1089 647 1178 transfigurationes,
670 1091 805 1176 quasin
829 1090 980 1158 diuturna
1004 1094 1137 1158 aetatum
1158 1091 1240 1158 serie
1265 1089 1351 1159 lente

333 1205 575 1287 percurrerunt,
604 1200 734 1277 iterum,
765 1200 822 1266 sed
841 1200 936 1288 longe
954 1195 1111 1278 ‘celerius
1133 1200 1281 1267 redeunt.
1301 1201 1352 1268 Ex

240 1341 250 1354 ¹
334 1307 447 1396 quibus
464 1307 644 1376 efficeretur
656 1329 753 1375 unam
765 1329 836 1374 esse
851 1309 885 1375 in
900 1308 1046 1375 omnibus
1061 1308 1137 1376 vitae
1153 1311 1303 1376 naturam
1319 1311 1352 1376 et

228 1487 233 1496 ,
334 1418 411 1497 vim,
430 1415 470 1485 eb
483 1413 714 1486 elementorum
730 1418 1007 1508 inanimorumque
1027 1438 1198 1504 corporum
1212 1413 1350 1485 necessi·

332 1532 402 1596 tate
413 1510 760 1614 minimependentem
775 1527 832 1594 sed
845 1548 916 1593 eam
928 1527 1072 1595 diverses
1085 1527 1208 1604 formes,
1216 1531 1249 1594 et
1261 1528 1352 1613 quasi

333 1638 425 1705 veria
439 1635 635 1704 vestimenta
657 1635 802 1716 induere,
827 1639 924 1722 prout
938 1656 1048 1703 rerum
1064 1635 1260 1702 exteriorum
1276 1627 1352 1702 con-

333 1745 490 1813 versione¹
513 1739 649 1812 diuersis
664 1744 793 1812 vivendi
810 1745 1045 1812 conditionibus
1058 1765 1092 1811 sa
1109 1745 1352 1812 accommodare

335 1874 372 1922 oo
397 1855 472 1922 tur.

322 1983 326 1990 ·
373 1875 450 2040 {ua
461 1963 588 2049 quidem
598 1930 638 2029 in
654 1965 816 2058 sententie
830 1965 933 2030 multa
948 1968 1024 2031 sunt
1044 1959 1127 2050 quae',
1145 1957 1351 2032 nostristan-

334 2075 404 2141 tum
420 2073 616 2166 temporibus
640 2073 823 2160 excogitata
839 2077 871 2140 et
887 2073 926 2138 ab
946 2073 1150 2160 antiquarum
1174 2073 1351 2160 specierum

334 2181 590 2249 consideratione
604 2182 638 2248 in
654 2181 765 2268 primis
788 2182 972 2267 pendentia,
994 2203 1097 2268 neque
1121 2181 1211 2250 nouit
1226 2181 1352 2250 Aristo·
1372 2231 1375 2236 ,

262 2366 267 2376 ,
334 2290 433 2369 teies,
457 2310 560 2376 neque
581 2289 762 2376 expendere
777 2287 889 2376 'potuit
908 2316 915 2355 :
932 2291 1079 2376 plurimis
1106 2295 1215 2357 tamen
1242 2283 1351 2357 rerum

334 2390 533 2477 argumentis
549 2390 691 2458 ostendit
705 2411 770 2459 non
785 2410 882 2455 unam
899 2389 1104 2476 eamdemque
1117 2411 1188 2456 esse
1203 2390 1237 2455 in
1250 2389 1350 2456 omni·

334 2497 394 2582 bus
409 2498 638 2577 animantibus,
657 2498 714 2565 sed
735 2499 900 2585 propriam
917 2499 1030 2584 cuique
1044 2485 1162 2588 'generi
1179 2503 1211 2566 et
1235 2499 1351 2585 speciei
1379 2529 1380 2536 ι

333 2611 484 2676 naturam
499 2634 507 2685 ;
527 2629 659 2692 eamque
672 2607 791 2693 partim
807 2607 934 2693 quidem
949 2629 969 2672 a
985 2607 1211 2674 communioris
1224 2606 1351 2694 generis

334 2717 486 2795 essentia,
505 2717 562 2784 sed
586 2717 705 2801 partim
729 2717 827 2783 etiam
854 2737 875 2782 a
895 2717 1026 2803 proprio
1047 2717 1110 2782 fine
1138 2716 1222 2793 duci,
1248 2719 1352 2801 neque
1393 2739 1395 2745 ·

335 2827 404 2894 sine
418 2827 480 2892 hac
492 2824 565 2892 finis
582 2825 837 2893 consideratione
853 2825 1126 2913 posse'explicari.
1147 2813 1289 2902 Quorum
1302 2846 1353 2891 ar·

335 2937 559 3021 gumentorum
601 2934 828 3001 auctoritatem
869 2935 1100 3001 recentissimae
1131 2933 1353 3020 inquisitiones

335 3062 400 3108 non
415 3041 612 3118 minuerunt,
631 3042 695 3108 imo
707 3042 859 3109 uidentur
874 3038 1125 3109 confirmavisse.
1139 3043 1142 3050 '

357 3161 359 3166 .
416 3156 443 3162 ..
712 3157 715 3162 .
859 3209 872 3238 ·
911 3155 913 3160 .

379 3257 440 3324 III.
468 3257 611 3322 Maxima
623 3258 834 3325 animantium
847 3259 1352 3346 genereprimurninspiciamus:

334 3365 489 3451 numquid
517 3365 653 3452 intelligi
680 3367 788 3452 potest
814 3365 970 3451 quomodo
1001 3368 1198 3434 exteriorum
1225 3366 1354 3434 vivendi

335 3475 552 3543 conditionum
576 3474 725 3552 mutatio,
751 3475 803 3541 vel
818 3474 943 3544 fortuiti
957 3475 991 3542 in
1018 3477 1227 3563 generatione
1247 3497 1353 3552 cesus

333 3584 501 3651 ueletiam
525 3582 721 3650 consuetudo
746 3587 872 3670 tantam
896 3587 1092 3670 potestatem
1112 3573 1296 3662 habuerint,
1319 3589 1357 3653 ut

333 3691 419 3758 hano
450 3677 593 3760 omniurn
614 3692 756 3778 partium
784 3696 994 3772 structuram,
1013 3713 1084 3778 quae
1108 3694 1356 3763 vertebratosa

334 3801 463 3874 caeteris
479 3805 547 3868 tam
562 3793 658 3890 longe
674 3802 826 3878 secernit,
841 3802 925 3870 hano
942 3800 1107 3868 definitam
1124 3802 1266 3869 omnium
1277 3801 1354 3870 vite

269 3993 271 4000 y
334 3911 621 3979 instrumentorum
641 3911 922 3999 compositionem,
945 3912 1031 3978 hunc
1058 3911 1353 3979 constantissimum

333 4017 449 4086 horum
487 4019 718 4088 elementorum
755 4019 910 4086 ordinem·
936 4019 1234 4115 determinaverint,
1260 4016 1351 4084 etin

259 4211 261 4217 Ι
330 4126 457 4223 'cunctis
469 4126 600 4213 hujusce
610 4127 914 4220 generisspecicbus
926 4127 993 4193 tarn
1003 4130 1116 4192 exacte
1127 4126 1349 4193 servaverint?
