3134 4938
602 517 783 584 ..31..„

179 662 261 730 tium
275 659 390 728 formae
405 658 506 728 variis
525 659 719 747 imaginibus
749 660 996 746 representari.
1020 658 1084 728 Sed
1102 677 1198 745 quum
1243 711 1257 746 ,

180 790 252 838 eam
267 789 358 836 mere
378 768 625 837 ratiocinatione
646 769 700 836 uel
720 768 837 850 solam
861 767 1066 856 cogitationis
1088 768 1130 834 ab
1149 767 1204 834 oh·

179 876 472 964 servationeplane
484 877 640 965 sejunctae
651 877 818 964 percipere
830 879 1014 956 conaretur,
1033 875 1204 944 obscuram

178 986 269 1081 illam
300 991 333 1054 et
359 987 502 1054 scientiae
531 985 702 1073 zoologicae
729 1005 863 1072 prorsus
875 985 1021 1052 inutilem
1044 985 1204 1052 rationem

183 1093 290 1172 finxit,
305 1115 401 1180 quam
418 1094 613 1162 Aristoteles
634 1093 721 1161 haud
742 1093 904 1162 immerito
926 1093 1076 1180 explosit,
1099 1091 1204 1180 perie-

183 1207 268 1270 ctam
284 1203 433 1270 animalis
445 1202 583 1270 formam
593 1203 675 1270 nihil
687 1201 774 1281 aliud
786 1223 858 1270 esse
873 1223 911 1269 ac
927 1221 1084 1269 summam
1101 1201 1204 1268 Unius

183 1311 288 1378 ideam
303 1309 369 1402 (τὴν
381 1317 436 1377 τοῦ
449 1310 511 1388 ἑνὸς
529 1307 621 1402 ἰδέαν)
637 1311 672 1378 in
694 1311 799 1398 prima
817 1310 1037 1398 longitudinis,
1060 1309 1204 1376 latitudi-

183 1420 235 1486 nis
257 1424 291 1488 et
311 1420 490 1488 altitudinis
513 1418 698 1510 speciali),
725 1421 829 1496 Quam
851 1419 1069 1487 definitionem
1095 1421 1133 1486 ut
1154 1419 1204 1484 in·

183 1532 336 1608 strueret,
354 1529 449 1596 ambo
473 1549 544 1616 quae
572 1531 733 1596 statuerat
758 1547 867 1596 rerum
898 1528 1056 1616 principia
1080 1527 1202 1616 junxit,

131 1709 134 1714 ,
184 1637 306 1706 scilicet
320 1636 501 1705 absolutam
517 1637 696 1716 Unitatem,
712 1657 784 1724 quae
800 1637 912 1704 eadem
928 1641 1090 1722 astatque
1105 1636 1206 1722 ipsius

185 1745 306 1832 Optimi
334 1747 470 1834 species,
495 1749 529 1812 et
555 1750 666 1814 ternas
697 1746 793 1833 spatii
823 1745 1049 1823 dimensiones,
1078 1744 1112 1811 id
1138 1748 1203 1824 est,

184 1855 268 1922 hauc
284 1875 455 1942 corporum
470 1854 650 1933 materiem,
669 1853 721 1921 vel
741 1854 848 1941 potius
863 1853 1080 1922 necessariam
1101 1853 1208 1920 condi·

183 1962 318 2042 tionem,
341 1983 437 2049 quam
464 1963 498 2030 in
525 1964 646 2030 Timaeo
673 1963 789 2057 χώραν,
811 1966 863 2039 τὴν
887 1969 940 2029 τοῦ
961 1963 1072 2038 παντὸς
1095 1961 1207 2056 μητέρα

38 2142 45 2155 ,
184 2075 290 2140 uocat.
311 2071 403 2147 Quod
424 2071 568 2159 profecto
589 2072 635 2138 sic
658 2071 903 2160 intelligendum
927 2076 988 2150 est,
1015 2070 1107 2156 quasi
1137 2071 1208 2137 haec

187 2181 331 2267 perfecta
345 2180 421 2248 boni
433 2185 467 2250 et
477 2181 604 2268 pulchri
626 2180 748 2268 species
775 2182 809 2247 in
824 2181 953 2247 informi
979 2178 1209 2265 indefinitaque
1271 2226 1295 2238 ‚,
1372 2161 1375 2169 Ι

187 2291 324 2358 materia
339 2295 461 2358 certam
481 2283 621 2376 aliquam
636 2289 877 2376 proportionem
895 2294 929 2357 et
944 2277 1116 2375 quamdam
1133 2308 1208 2376 par-

188 2399 269 2466 tium
284 2399 540 2467 convenientiam
555 2398 608 2466 vel
624 2401 811 2490 συμμετρίαν
823 2397 956 2475 efficiat,
980 2398 1064 2464 unde
1086 2397 1210 2464 oriatur

188 2506 246 2572 illa
261 2508 365 2574 omnis
377 2507 625 2595 pulchritudinis
640 2500 706 2587 l'ex,
729 2527 801 2593 quae
823 2527 913 2586 nunc
935 2505 1087 2598 definitur
1102 2486 1210 2573 unitas

189 2613 223 2678 in
233 2615 409 2695 uarietate,
427 2636 499 2703 quae
513 2616 640 2702 quidem
656 2636 709 2682 res
725 2635 838 2682 omnes
853 2620 886 2682 et
895 2614 1082 2681 universum
1097 2612 1209 2680 muudi

191 2720 336 2788 ordinem
352 2745 475 2811 regere,
494 2724 601 2811 potius
618 2743 714 2809 quam
738 2723 902 2811 propriam
918 2721 1105 2788 animalium
1116 2725 1210 2789 netu-

190 2849 261 2896 ram
300 2851 527 2920 communeque
563 2833 730 2918 exemplar
752 2831 960 2925 ¹constituere
998 2851 1094 2918 posse
1132 2849 1210 2898 sene

188 2935 330 3004 videtur.

234 3045 345 3132 Neque
362 3046 461 3114 etiam
477 3047 511 3114 in
526 3048 588 3115 hoc
603 3045 797 3115 Aristoteles
806 3047 854 3114 ita
864 3045 1002 3113 assentit
1014 3044 1155 3124 Platoni,
1174 3050 1212 3114 ut

190 3158 315 3223 statuat
339 3156 447 3223 omnia
475 3157 687 3224 animantium
715 3175 836 3243 genera
854 3175 952 3222 unum
979 3153 1019 3220 ad
1047 3153 1212 3240 exemplar

191 3283 262 3329 esse
277 3263 474 3342 informata;
497 3265 561 3332 imo
580 3265 675 3333 valde
696 3268 796 3352 negat
814 3265 909 3343 hanc,
928 3283 1134 3350 quacumque
1146 3262 1209 3341 sit,

191 3392 349 3439 summam
366 3372 456 3439 αὑτοῦ
476 3380 529 3438 τοῦ
548 3375 624 3450 {dcv
639 3374 776 3442 formam
791 3374 935 3442 omnium
948 3372 1126 3460 specierum
1142 3391 1213 3438 esse

191 3501 393 3548 communem
420 3483 594 3551 essentiam
624 3480 684 3574 (2),
711 3482 803 3568 quasi
833 3501 897 3550 una
924 3481 1099 3566 eademque
1126 3483 1213 3546 esset

189 3591 416 3660 universorum
431 3592 619 3684 animalium
631 3597 767 3671 natura;
793 3590 830 3658 at
851 3595 965 3658 contm
984 3589 1119 3677 singulis
1140 3609 1212 3675 spc-

190 3699 302 3768 ciebus
334 3704 445 3768 censet
463 3722 535 3768 esse
559 3684 723 3788 propriam
747 3699 920 3766 essentiam
942 3701 977 3764 et
997 3697 1064 3764 uim
1081 3696 1213 3764 vitalem

191 3808 409 3896 peculiaribus
423 3809 550 3899 legibus
567 3807 797 3886 constitutam
819 3806 983 3892 multoque
1000 3804 1104 3892 magis
1119 3824 1212 3891 sepa·

228 4043 260 4110 tlt
281 4039 454 4116 Aristotelis,
470 4041 508 4102 de
521 4040 629 4115 anima,
643 4043 666 4115 1,
682 4043 710 4100 2.

231 4157 264 4228 til
283 4160 323 4216 De
337 4157 447 4232 anima,
462 4160 484 4228 1,
499 4160 527 4229 l,
541 4161 572 4217 et
584 4159 621 4230 ll,
636 4160 663 4216 3.
