3134 4938
751 513 969 580 -30--··

332 653 578 740 descriptionem
586 655 748 742 'agnoscit
770 681 777 722 :
796 656 921 742 pariter
939 655 1024 722 enirn
1045 673 1162 744 corpus
1185 679 1206 724 a
1228 675 1351 726 summo

331 762 374 829 ed
389 763 488 830 imum
503 763 536 830 in
548 762 641 830 binos
663 766 774 850 pentes
790 763 920 834 uidetur
938 765 1030 851 quasi
1048 765 1262 854 duplicatum,
1280 787 1352 854 quse

332 871 470 940 adversa
485 872 629 940 adversae
646 872 896 942 accommodatae
911 873 1049 952 interce
1060 874 1255 946 coalescant.

377 1078 421 1144 11.
441 1077 494 1169 ¹Sic
510 1077 595 1146 enim
610 1079 803 1148 Aristoteles
815 1079 857 1150 ed
869 1080 1017 1156 altiorem
1028 1059 1174 1150 normam
1186 1083 1353 1151 uniuerso·
1388 1074 1391 1081 ’

331 1206 405 1254 rum
416 1186 602 1255 animalium
614 1187 734 1255 formes
745 1187 894 1276 redigere
905 1190 1082 1258 tentavisse
1093 1191 1236 1258 uidetur:
1255 1191 1354 1260 “Fin-

333 1287 391 1382 ges
403 1296 509 1363 animo
521 1300 644 1364 rectam
659 1297 790 1377 lineam,
808 1297 923 1384 inquit,
942 1302 976 1365 et
990 1299 1164 1367 secundum
1179 1301 1262 1378 hanc
1277 1319 1352 1387 par·

332 1405 381 1469 tes
394 1404 536 1490 corporis
549 1404 687 1472 maxime
702 1405 914 1486 necessarias,
929 1427 985 1474 ees
998 1407 1120 1475 scilicet
1134 1429 1206 1495 quas
1222 1408 1265 1475 ad
1279 1427 1352 1494 pas·
1416 1487 1418 1494 Α

330 1515 400 1580 tum
421 1514 654 1598 capessendum
677 1513 970 1602 conficiendumque
997 1517 1174 1603 pertinent,
1205 1516 1299 1584 solito
1319 1518 1354 1584 in

333 1621 529 1688 vertebratis
542 1622 654 1689 ordine
667 1624 810 1708 positas:
825 1643 861 1690 os
873 1623 906 1691 in
919 1645 1042 1692 summo
1059 1625 1197 1694 locatum
1209 1626 1354 1712 proxime

333 1728 513 1819 insequitur
533 1732 717 1799 stomachus
738 1737 771 1800 et
791 1732 867 1800 inde
887 1737 1003 1801 uenter
1020 1737 1190 1820 ceteraque
1205 1734 1354 1820 deinceps

334 1858 434 1925 usque
450 1839 491 1908 ad
503 1843 682 1908 extremum
695 1841 860 1909 intestina.
880 1841 1047 1910 Prioribus
1067 1843 1194 1928 quidem
1209 1842 1354 1931 partibus

334 1946 576 2017 circumdantur
607 1954 706 2036 caput
732 1939 770 2016 'et
800 1955 931 2037 pectus,
964 1951 1108 2018 membre
1134 1971 1213 2019 vero
1245 1951 1355 2018 addite

307 2073 312 2080 ·
333 2060 420 2152 suut,
442 2077 513 2142 quae
531 2058 649 2125 ceteris
664 2057 872 2137 inservirent,
890 2057 932 2124 ad
947 2064 1069 2128 motum
1081 2060 1219 2127 idonea:
1237 2060 1290 2128 hio
1305 2063 1355 2128 est
1454 2052 1460 2062 '

281 2239 283 2250 y
320 2163 624 2238 instrumentorum
640 2166 721 2234 situs
737 2166 771 2233 in
784 2165 931 2234 omnibus
946 2167 1151 2255 edo-tvelpov
1167 2169 1350 2255 generibus.

334 2273 373 2340 In
388 2274 519 2344 insectis
535 2275 633 2342 etiam
649 2278 682 2343 et
702 2276 877 2344 crustaceis
901 2276 1026 2363 pariter
1047 2281 1139 2364 recta
1155 2280 1206 2344 est
1220 2277 1355 2364 disposi-

334 2381 381 2452 tio
397 2387 430 2450 et
447 2381 531 2450 idem
547 2383 888 2464 intestinorumordo,
914 2385 1058 2470 quemvis
1077 2385 1294 2454 instrumente
1313 2385 1354 2452 ed
1420 2467 1423 2473 Ι

322 2494 442 2572 ,motus
457 2492 550 2559 utilia
580 2513 714 2578 prorsus
730 2492 860 2560 diversa
887 2491 964 2560 sint.
994 2493 1058 2564 Sed
1087 2493 1122 2561 in
1148 2493 1299 2562 Mollibus
1323 2497 1356 2562 et

337 2600 499 2670 Testeceis
515 2601 585 2683 haec
596 2601 682 2668 linea
696 2600 850 2689 flectitur,
868 2602 915 2669 ita
929 2605 967 2670 ut
982 2623 1110 2670 summa
1124 2605 1278 2668 extremae
1301 2601 1357 2668 ad·

337 2715 518 2788 moveatur,
537 2710 671 2796 ideoque
683 2710 777 2778 ambo
785 2709 1012 2780 intestinorum
1024 2711 1108 2779 ostia
1116 2711 1265 2822 proxima
1272 2711 1358 2778 inter

337 2839 371 2884 se
393 2818 486 2896 fiunt,
511 2819 678 2905 mediaque
708 2819 852 2905 corporis
874 2839 950 2910 pars
977 2819 1125 2907 superior
1152 2818 1231 2886 ferri
1255 2819 1354 2897 solet,

336 2948 407 3013 quae
424 2949 511 3015 saepe
526 2931 613 2996 testa
624 2928 782 3015 integitur
798 2926 858 3018 (l).
879 2960 894 2986 e

271 3023 273 3030 ¹
382 3037 506 3122 Itaque,
525 3025 670 3122 Quamuis
685 3035 880 3104 Aristoteles
900 3037 966 3104 tria
977 3036 1034 3106 illa
1049 3036 1234 3104 animalium
1250 3057 1357 3103 exem·

336 3145 440 3233 pieria
451 3144 539 3212 inter
553 3166 588 3212 se
611 3145 750 3212 maxime
770 3144 898 3212 diuersa
920 3165 991 3212 esse
1018 3145 1168 3223 senserit,
1195 3167 1235 3212 ea
1248 3149 1358 3212 tamen

338 3253 420 3321 uidit
442 3252 561 3339 aliquid
587 3252 708 3321 habere
738 3273 917 3329 commune,
943 3273 1047 3340 neque
1069 3253 1201 3340 negauit
1227 3253 1268 3320 eb
1294 3274 1357 3320 uno

341 3361 500 3449 principio
514 3362 666 3449 pendere.
679 3360 770 3438 Quod
777 3362 847 3449 jam
859 3361 986 3449 plenius
997 3349 1216 3432 affirmaverat
1231 3362 1358 3430 diuinus

339 3471 393 3536 ille
410 3471 513 3540 omnis
525 3470 738 3557 philosophiae
752 3470 909 3558 magister
935 3471 1054 3538 Plato:
1076 3491 1174 3538 unam
1186 3471 1271 3556 enim
1286 3491 1359 3538 esse

341 3583 451 3646 censet
466 3584 500 3648 et
516 3599 674 3646 summam
690 3577 849 3644 Animalis
864 3574 954 3659 ἰδέαν,
973 3579 1057 3666 quod
1073 3577 1145 3644 αὐτὸ
1168 3578 1202 3644 τὸ
1215 3583 1289 3655 ζῶον
1301 3599 1358 3667 ap·

337 3687 448 3776 pellet,
477 3709 518 3756 ex
541 3687 727 3773 quaomnia
753 3687 911 3758 ducentur
938 3709 1093 3778 generum
1120 3692 1153 3754 et
1176 3689 1358 3776 specierum

300 3859 305 3870 ,
340 3796 538 3885 exemplaria
554 3799 587 3864 et
611 3796 645 3864 in
662 3817 724 3884 qua
740 3796 877 3884 quodem
904 3797 999 3868 modo
1022 3796 1113 3884 quasi
1138 3797 1173 3864 in
1199 3797 1359 3866 communi

341 3904 428 3974 fonte
444 3905 682 3986 contineantur,
701 3925 796 3994 quam
812 3905 912 3994 igitur
927 3925 1038 3975 omnes
1058 3905 1199 3974 omnium
1214 3907 1359 3976 enimen-

379 4149 412 4222 η)
430 4151 471 4208 lle
485 4153 559 4222 pert.
577 4147 666 4207 onim.
681 4149 727 4220 lv,
740 4149 767 4205 9.
