3134 4938
621 483 801 550 ,45-

199 626 331 694 arctiori
351 627 449 695 etiam
477 625 604 693 vinculo
628 626 809 714 religatam¹
829 646 900 694 esse
927 615 1059 714 plantis
1076 645 1219 714 comper-

198 739 268 833 tum
293 740 362 812 est,
388 757 485 822 quum
509 735 611 803 multa
641 739 721 803 nota
740 735 807 802 sint
830 735 982 803 animalia
1003 756 1074 823 qua
1101 737 1217 825 germi-

197 865 277 911 nare
290 848 323 912 et
335 865 498 932 gemmare
513 844 696 921 videantur,
716 847 750 910 et
765 845 857 931 quasi
868 845 960 912 vivas
975 845 1107 912 arbores
1119 846 1218 913 ramis

178 1024 180 1032 ,
199 953 319 1019 divisas
335 956 368 1019 et
382 951 515 1019 fioribus
528 952 711 1040 frequentes
723 952 878 1020 referant.

245 1062 308 1128 Sed
323 1083 419 1147 quum
435 1083 477 1128 ex
492 1061 639 1128 omnibus
655 1066 778 1128 nostrae
796 1062 903 1130 aetatis
919 1062 1219 1158 investigationibus

132 1255 133 1258 Ἴ
200 1168 257 1235 illa
277 1191 386 1237 rerum
410 1171 635 1258 universarum
662 1170 858 1250 continuitas
882 1170 1050 1238 evidenter
1073 1171 1217 1252 eluceat,

199 1281 268 1345 tum
286 1279 366 1346 illud
381 1300 504 1366 quoque
521 1301 562 1345 ex
578 1279 690 1346 iisdem
706 1283 847 1357 constat,
863 1285 931 1346 non
954 1301 1053 1346 unam
1068 1280 1166 1372 fuisse
1185 1281 1219 1350 in

200 1386 296 1453 rebus
312 1387 522 1455 informandis
538 1391 664 1454 naturae
681 1387 778 1466 viam,
796 1408 900 1473 neque
915 1387 1042 1456 institui
1058 1409 1163 1474 posse,
1183 1393 1219 1457 ut

200 1496 389 1580 quibusdam
417 1496 592 1584 superioris
616 1496 678 1564 aevi
694 1497 878 1565 auctoribus
900 1496 1077 1584 placuerat,
1097 1497 1218 1584 simpli·

199 1625 268 1670 cern
282 1605 422 1672 omnium
438 1605 614 1673 viventium
635 1605 756 1672 scalam
783 1626 846 1692 qua
861 1604 901 1671 ab
917 1604 1026 1673 infimo
1048 1607 1151 1695 gradu
1177 1607 1219 1674 ad

199 1733 359 1780 summum
385 1719 418 1782 et
444 1713 728 1800 perfectissimum,
755 1713 871 1782 itinere
893 1735 1057 1801 nunquam
1080 1719 1216 1795 mutato,

199 1822 440 1908 procederetur.
475 1823 728 1909 Unumquodque
760 1822 845 1888 enirn
870 1843 970 1909 genus
998 1845 1063 1890 non
1092 1827 1219 1891 tantum

200 1932 256 1998 uni
288 1932 445 2019 superiori
475 1937 507 1999 et
531 1932 627 2000 alteri
657 1931 802 1998 inferiori
833 1951 891 2019 per
918 1931 989 1998 illas
1017 1931 1138 1998 medias
1162 1953 1219 1999 na·

199 2045 292 2108 turas
322 2041 482 2128 gradatim
512 2041 673 2128 jungitur,
705 2040 762 2106 sed
794 2039 913 2107 multos
947 2040 981 2106 in
1019 2043 1143 2107 tractus
1180 2041 1221 2107 ad
1250 2101 1251 2108 ,

202 2149 310 2236 plures
349 2149 467 2217 formas
502 2149 627 2236 pariter
658 2149 798 2228 transit3
836 2169 943 2236 saepe,
976 2153 1013 2216 ut
1038 2149 1107 2237 jam
1138 2149 1220 2217 dixi-

204 2280 298 2338 mus,
332 2261 394 2327 duo
424 2263 545 2346 gen'era
578 2259 692 2324 iisdem
719 2257 871 2346 gradibus
895 2259 1037 2344 migrare
1072 2259 1222 2326 videntur

203 2387 262 2453 per
291 2368 484 2437 mutationes
512 2389 583 2454 quae
612 2367 671 2434 sibi
705 2368 841 2434 invicem
867 2367 1111 2452 respondeant;
1135 2387 1221 2452 saepo

204 2479 317 2542 contra
332 2497 352 2542 a
367 2477 523 2544 similibus
544 2477 655 2543 formis
680 2477 838 2562 profecta,
858 2475 1014 2562 paulatim
1031 2476 1066 2540 in
1087 2495 1221 2542 ascensu

203 2584 368 2667 recedunt,
388 2586 433 2652 ita
448 2591 484 2654 ut
500 2586 603 2673 major
621 2585 664 2653 sit
679 2585 840 2661 vicinitas,
858 2585 886 2650 si
907 2583 1034 2650 infimas
1054 2583 1221 2669 utriusque
1291 2660 1292 2671 χ

206 2690 328 2775 species
344 2694 607 2773 consideraveris
627 2697 661 2760 et
676 2714 737 2780 quo
753 2693 885 2771 altiores
910 2692 986 2769 sint,
1002 2711 1040 2758 eo
1055 2690 1152 2758 latius
1174 2691 1221 2758 in-

204 2799 299 2866 tersit
315 2799 494 2870 discrimen.
513 2803 629 2869 Plures
645 2807 720 2869 sunt
735 2802 835 2890 igitur
849 2804 976 2868 naturae
993 2799 1134 2867 creantis
1158 2799 1220 2866 viae

205 2911 238 2974 et
254 2910 388 2989 semitae,
408 2911 570 2983 interdum
585 2913 691 2979 tractu
708 2911 790 2996 pari,
810 2911 928 2996 saepius
944 2908 1095 2976 divorsae.

249 3019 327 3094 Quae
343 3041 533 3106 quamquam
550 3020 590 3086 ab
605 3020 782 3114 Aristotele
801 3040 867 3085 non
888 3018 1025 3086 dilucide
1037 3022 1217 3105 perspecta,

202 3123 288 3192 illius
304 3127 459 3194 doctrinae
476 3128 659 3196 nullomodo
668 3133 861 3216 repugnant.
873 3125 1040 3213 Nusquam
1056 3127 1220 3193 enim‘uno

203 3233 318 3302 itinere
335 3240 368 3303 et
385 3238 476 3322 quasi
497 3240 587 3304 recta
609 3237 693 3304 linea
712 3236 782 3303 fieri
798 3237 881 3302 hanc
897 3256 1006 3302 rerum
1026 3235 1220 3302 continuita-

203 3344 270 3408 tem
285 3345 423 3411 asseruit
439 3372 445 3412 :
464 3345 528 3412 imo
544 3345 688 3433 pluribus
700 3346 803 3412 modis
819 3365 918 3412 unum
938 3364 1040 3430 genus
1056 3337 1098 3409 ad
1113 3348 1222 3411 cetera
1294 3407 1299 3420 ,

203 3453 344 3518 transire
372 3453 542 3540 aliquando
569 3455 670 3533 vidit;
689 3475 804 3542 nempe
831 3453 1053 3540 quadrupedes
1079 3452 1120 3518 ad
1145 3473 1221 3520 aves

203 3559 298 3626 simul
319 3565 352 3629 et
367 3562 408 3628 ad
424 3563 527 3648 pisces
542 3585 601 3651 per
625 3563 769 3631 diversos
797 3563 917 3651 gradus
938 3560 1109 3637 accedere;
1128 3560 1220 3627 item-

203 3690 264 3756 que
286 3670 437 3737 animalia
459 3673 500 3740 ad
527 3673 654 3759 plantas
671 3673 793 3739 duobus
815 3670 907 3737 clivis
930 3667 1136 3743 descendere,
1163 3689 1221 3755 per

202 3778 326 3845 insecta
341 3778 436 3846 simul
452 3784 485 3847 et
497 3802 555 3868 per
566 3784 721 3858 testacea,
739 3777 792 3845 hic
803 3782 893 3845 motu
909 3781 943 3844 et
958 3797 1054 3844 sensu
1066 3775 1220 3864 paulatim

203 3892 428 3968 evanescente,
443 3889 508 3956 illic
521 3890 605 3976 quod
613 3889 708 3977 plura
719 3889 797 3956 vitae
810 3885 967 3976 principia
977 3884 1222 3973 unumquodque

108 4037 111 4040 -
204 3995 361 4064 insectum
381 3998 545 4066 contineat
561 3999 733 4085 pluresque
753 4002 862 4084 partes
885 4016 974 4083 quae,
992 3999 1029 4064 ut
1049 3995 1083 4062 in
1101 3994 1222 4063 frutici-

204 4103 275 4184 bus,
290 4106 444 4193 seJunctae
460 4108 569 4175 vivero
584 4101 719 4194 possint.
739 4107 843 4174 Homo
859 4105 992 4173 certain
1010 4101 1219 4190 peripatetica
