3106 4932
631 497 885 624 ,-ss-''

130 769 132 774 ¹
220 692 277 757 sed
288 687 421 777 ¹semper
432 711 473 755 ex
485 689 524 754 iis
541 708 611 774 quae
627 687 698 752 fieri
715 691 851 773 possunt
865 706 924 772 pro
939 687 1071 772 propria
1086 687 1238 773 cujusque

219 799 362 888 generis!
374 799 515 869 essentia
541 797 696 883 optimum
720 795 865 881 quodque
893 793 999 862 efficit.
1030 795 1069 861 In
1093 796 1238 864 omnibus

218 908 329 994 igitur,
348 908 375 973 si
400 907 501 974 satius
525 916 575 972 est
590 903 659 970 re'm
682 905 729 972 ita
744 926 778 970 se
798 903 934 981 habere,
958 903 1005 970 ita
1025 907 1143 970 natura
1162 926 1237 972 con-

219 1019 285 1082 stat
302 1013 360 1106 (1).
383 1048 398 1073 n
417 1017 494 1082 Mox
508 1014 586 1081 illud
606 1016 803 1100 praeceptum
825 1010 980 1116 exemplis
1000 1011 1234 1081 confirmatur:

221 1154 236 1179 u
263 1125 435 1210 Serpentes
459 1123 509 1189 his
520 1123 565 1188 de
581 1122 686 1189 causis
701 1120 835 1208 pedibus
851 1124 974 1196 carent,
999 1121 1137 1206 primum
1154 1124 1237 1207 quod

217 1237 334 1300 natura
357 1232 437 1298 nihil
460 1231 582 1298 frustra
604 1231 687 1318 agit,
706 1231 763 1297 sed
785 1250 912 1316 semper
927 1229 968 1295 ad
989 1231 1144 1315 optimum
1165 1253 1237 1319 spe-

218 1344 309 1406 ctans
325 1342 411 1408 inter
426 1340 606 1426 possibilia,
626 1340 720 1405 simul
740 1342 773 1405 et
794 1359 989 1436 conservans
1005 1326 1173 1425 unicuique
1190 1343 1237 1408 rei

216 1451 378 1536 propriam
395 1449 530 1516 formam
551 1453 584 1514 et
600 1448 791 1524 essentiam3
810 1447 925 1513 deinde
943 1446 1037 1532 quod,
1056 1451 1093 1514 ut
1104 1449 1173 1534 jam
1189 1451 1236 1516 di·

216 1547 305 1626 ctum
319 1562 379 1629 est.
398 1557 553 1624 non‘lieri
568 1560 677 1643 potest
693 1561 729 1624 ut
749 1556 867 1622 animal
884 1547 1044 1642 ¹sanguine
1064 1559 1236 1642 praeditum

214 1667 308 1753 plura
322 1667 441 1733 habeat
453 1665 596 1732 membra
608 1666 648 1732 ad
665 1669 787 1732 motum
799 1665 1037 1731 accommodata
1052 1687 1147 1751 quam
1161 1689 1236 1753 qua-

214 1777 300 1840 tuor.
325 1775 417 1841 Unde
432 1778 523 1861 patet
547 1793 753 1859 quaecumque
778 1795 818 1839 ex
837 1773 876 1838 iis
898 1773 1041 1860 corporis
1062 1774 1235 1861 longitudi-

120 1969 121 1976 ,
214 1905 289 1948 nem
305 1904 363 1970 pro
379 1883 510 1968 reliquis
530 1881 786 1950 demensionibus
803 1881 950 1958 nimiam,
970 1887 1005 1950 ut
1021 1903 1154 1969 angues,
1176 1886 1234 1952 ha-

214 1990 326 2067 beant,
346 2011 385 2056 ea
400 1991 532 2077 pedibus
555 1991 737 2056 necessario
762 1999 874 2056 carere
895 2016 902 2054 :
927 1990 954 2056 si
977 1991 1122 2077 pluribus
1150 1994 1234 2060 enim

213 2099 364 2165 membris
392 2105 615 2175 moverentur,
647 2099 803 2186 sanguine
837 2099 1011 2176 carerent;
1048 2100 1098 2165 sin
1125 2105 1233 2169 autem

212 2208 289 2286 bina
318 2208 370 2274 uel
397 2213 554 2293 quaterna
584 2213 710 2276 tantum
741 2207 925 2283 haberent,
961 2207 1029 2274 fere
1060 2208 1234 2278 immobilia

213 2320 335 2392 essent,
355 2318 471 2403 quippe
487 2337 558 2402 quae
573 2320 641 2382 tam
656 2317 743 2384 lento
759 2320 890 2404 tamque
905 2316 1011 2384 inutili
1027 2319 1130 2404 gradu
1146 2320 1232 2386 ince-

211 2424 325 2492 derent
341 2423 399 2515 (2).
430 2459 445 2483 n

256 2534 334 2598 Pari
361 2533 553 2601 necessitate
586 2529 693 2600 aiium
724 2533 896 2620 descriptio
924 2538 1061 2618 quatuor
1088 2535 1232 2603 membra

212 2645 338 2708 tantum
355 2643 516 2719 continet;
532 2621 667 2727 qborum
680 2642 753 2715 duo,
770 2641 808 2708 ob
822 2640 918 2708 finem
931 2641 1041 2729 generi
1051 2644 1228 2729 proprium,
1240 2663 1246 2690 ‘

214 2749 255 2815 ad
275 2751 446 2817 volandum
463 2751 685 2827 destinantur;
708 2749 784 2815 bina
804 2771 880 2836 ergo
900 2753 1026 2816 tantum
1042 2751 1083 2817 ad
1099 2771 1230 2819 curren·
1268 2793 1272 2802 ,

215 2858 288 2925 dum
305 2859 515 2944 standumque
534 2860 759 2944 relinquuntur
774 2858 911 2924 idonea:
937 2859 1020 2925 unde
1037 2853 1231 2945 peculiarem

212 2967 348 3037 formam
364 2968 571 3053 habitumque
594 2968 726 3034 induere
742 2967 921 3034 debuerunt
934 2966 992 3058 (3).
1012 2968 1230 3055 Eamdemque

155 3113 158 3126 ·
213 3077 252 3142 ob
265 3097 396 3142 causam
411 3077 558 3143 volucres
573 3077 788 3143 instrumento
805 3077 962 3164 singulari
981 3076 1130 3163 egebant,
1147 3080 1230 3163 quod

214 3184 255 3250 ad
275 3184 462 3270 capiendum
482 3184 561 3250 utile
583 3184 667 3274 foret
686 3184 872 3271 pondusque
893 3185 1023 3250 minime
1048 3192 1226 3272 gravaret:

212 3291 320 3378 itaque
335 3297 452 3361 natura
471 3293 630 3361 elementa
649 3313 719 3380 quas
735 3294 770 3360 in
792 3294 951 3360 communi
970 3285 1228 3364 vertebratorum

213 3399 425 3487 descriptione
440 3402 569 3469 inerant
578 3402 619 3468 ad
627 3401 723 3489 hujus
733 3403 860 3490 generis
870 3403 1094 3488 necessitatem
1106 3425 1228 3471 accom-

211 3508 466 3602 modans,rostri
481 3513 633 3577 naturam
644 3532 685 3576 ex
693 3510 803 3590 labris,
812 3510 1014 3596 maxillisque
1029 3515 1062 3579 et
1077 3511 1226 3580 dentibus

245 3760 289 3821 tlt.
306 3748 414 3810 Τούτων
424 3749 452 3810 δὲ
466 3751 492 3811 ἓν
508 3749 556 3830 μέν
572 3753 652 3825 ἔστιν,
669 3746 738 3823 dati]
752 3747 827 3833 φύσις
840 3747 915 3812 οὐδὲν
923 3754 993 3811 ποιεῖ
1002 3749 1100 3829 μάτην,
1112 3751 1172 3810 ἀλλ’
1184 3751 1225 3812 ἀεὶ

209 3849 304 3906 ἐκτῶν
318 3846 495 3929 ἐνδεχομένων
508 3873 541 3930 τη
558 3845 632 3931 οὐσίᾳ
643 3846 702 3930 περὶ
717 3847 825 3908 ἕκαστον
834 3848 907 3928 γένος
917 3845 984 3918 [eboc
993 3848 1024 3908 τὸ
1038 3847 1153 3930 ἄριστον.
1163 3847 1227 3910 dud«

208 3968 257 4026 περ
266 3947 289 4019 ai
300 3945 402 4026 βελτιον
412 3943 754 4028 ὡδὶῳῖπωςέχεῃκαὶκατὰ
764 3944 850 4031 φύσιν.
860 3950 901 4006 De
910 3945 1035 4004 incessu
1048 3945 1137 4004 anim.
1153 3961 1181 4004 c.
1195 3949 1222 4006 2.

243 4070 277 4134 (ἓ)
298 4071 337 4126 lte
348 4068 469 4127 incessu
482 4069 570 4126 unlm.
588 4072 615 4128 8.

244 4185 277 4252 β)
297 4187 422 4258 nepam.
437 4184 526 4245 anim.
538 4187 583 4257 lv,
595 4187 639 4244 12.
