3106 4932
609 505 721 586 v--sa
743 535 789 555 -

191 654 427 718 structurarum
447 649 547 736 origo.
568 649 756 734 Quanquam
771 649 823 715 hic
842 648 992 718 utilitatis
1012 651 1045 715 et
1059 649 1136 716 uitae
1151 669 1207 715 ne-

190 759 378 838 cessitatum
388 758 472 826 ratio
489 758 684 838 evidentium
698 779 764 826 non
779 779 844 826 una
859 779 937 825 sane
948 757 1088 844 partium
1103 758 1208 846 dispo·

156 939 158 944 ,
191 868 317 937 sitionis
341 871 519 948 causaest,
537 869 674 936 sedvim
697 869 853 955 majorem
874 868 1007 937 obtinet.
1033 866 1125 944 Quod
1140 868 1209 953 qui-

194 978 266 1044 dem
289 978 458 1046 Platonem
473 999 539 1046 non
553 977 655 1066 fugit;
682 978 798 1065 quippe
823 979 894 1064 qui,
920 999 1017 1065 quum
1031 979 1065 1058 in
1089 979 1210 1044 Timaeo

193 1087 330 1154 hominis
351 1086 505 1154 fabricam
521 1085 696 1167 describat,
716 1087 904 1156 omniafere
926 1088 967 1154 ad
982 1088 1066 1155 hanc
1081 1107 1212 1154 causam

150 1261 151 1264 ,
194 1195 315 1262 referat
333 1223 340 1262 ε
359 1216 614 1281 unamquamque
629 1199 761 1282 ‘partem
781 1197 828 1262 sio
845 1195 1050 1264 informatam
1066 1217 1136 1264 esse
1158 1195 1213 1262 do·
1232 1249 1233 1256 .
1268 1191 1270 1196 ’

196 1310 262 1383 cet,
279 1307 402 1372 tumui
422 1304 520 1371 animi
544 1304 734 1372 excellentia
755 1309 914 1386 servetur,
931 1310 1002 1373 tum
1016 1311 1054 1374 ut
1073 1305 1213 1372 exterio-

196 1413 285 1482 ribus
301 1414 421 1508 oausis,
440 1434 512 1499 quae
533 1413 705 1501 adcorpus
730 1415 981 1482 consumendum
1001 1414 1129 1483 assiduo
1145 1417 1215 1481 ten·

199 1524 295 1602 dunt,
316 1523 386 1590 uita
407 1523 562 1590 resistere
581 1529 687 1610 queat.
708 1524 885 1600 Quamdam
907 1525 992 1592 enim
1015 1523 1215 1611 proposuite

197 1633 336 1700 materia
359 1632 437 1699 oriri
460 1631 710 1712 necessitatem,
737 1654 810 1719 quae
836 1655 909 1700 oum
935 1633 1048 1719 optimi
1075 1633 1218 1700 auctoris

198 1740 325 1808 actione
339 1741 453 1827 juncta
475 1761 584 1808 rerum
608 1740 869 1828 imperfectorum
892 1746 1045 1809 naturam
1068 1741 1220 1810 definive-

134 1874 139 1896 ’ν
199 1849 244 1918 rit
264 1847 323 1940 (l).
350 1850 413 1916 Sed
433 1850 588 1935 quomodo
612 1850 714 1917 mixta
737 1850 796 1917 illa
818 1851 1020 1918 necessitatis
1045 1854 1078 1917 et
1100 1849 1219 1920 intelli·

184 2014 186 2018 ,
203 1959 322 2048 guntiae
337 1957 422 2026 ratio
438 1979 509 2026 cum
527 1958 730 2046 generalibus
749 1958 924 2050 formarum
947 1957 1071 2046 legibus
1087 1978 1221 2026 concur-

204 2071 311 2145 reret,
329 2069 366 2134 ut
380 2067 480 2135 uarias
495 2066 701 2135 efficerentur
716 2067 928 2136 animantium
951 2071 1140 2146 structura,
1158 2087 1224 2134 non

205 2175 357 2244 ostendit.
375 2177 476 2243 Plura
491 2176 618 2265 quidem
643 2176 677 2242 in
693 2197 818 2244 summa
841 2176 988 2244 animalis
1004 2176 1138 2270 perfecti
1151 2175 1226 2242 idea

206 2285 403 2372 exemplaria
417 2285 574 2352 contineri
588 2285 670 2352 vidit
686 2289 719 2352 et
734 2286 825 2373 quasi
840 2286 984 2352 diversas
1002 2285 1126 2374 figuras
1141 2285 1226 2351 hanc

98 2441 99 2446 .
207 2413 407 2460 communem
422 2393 557 2460 formam
579 2393 678 2461 uariis
699 2395 801 2461 modis
818 2395 1050 2481 exprimentes,
1070 2415 1141 2480 quae
1158 2413 1226 2459 om-

119 2577 124 2592 *
206 2523 264 2568 nes
279 2502 314 2568 in
327 2503 389 2569 hoo
412 2502 531 2569 mundo
552 2523 709 2589 apparere
725 2502 894 2570 debuerint
912 2529 919 2568 ε
938 2523 1009 2588 quae
1033 2503 1099 2570 sint
1118 2505 1227 2568 autem

209 2609 265 2676 illa
287 2611 484 2697 exemplaria
506 2616 539 2679 et
564 2611 721 2697 quomodo
745 2633 786 2679 ex
812 2611 864 2680 his
890 2611 1011 2698 species
1034 2609 1227 2696 multiplices

212 2725 421 2787 nascerentur
435 2719 545 2787 uidere
560 2741 625 2787 non
641 2721 758 2806 potuit.
877 2723 882 2727 ’

255 2908 329 2977 VII.
357 2910 486 2976 Primus
510 2909 703 3004 Aristoteles
726 2909 793 2978 tria
815 2909 872 2975 illa
899 2908 1081 2996 principia,
1109 2929 1180 2995 quae
1210 2930 1230 2974 a

211 3019 368 3106 magistro
384 3020 562 3104 acceperat,
582 3017 727 3096 sociavit,
749 3022 785 3085 ut
797 3017 997 3105 experientia
1011 3017 1125 3096 fretus,
1144 3037 1231 3084 verae

188 3149 192 3152 ·
214 3127 424 3194 animantium
439 3130 565 3192 naturae
580 3119 880 3214 interpretationem
895 3127 1091 3194 institueret.
1107 3126 1154 3193 Ao
1170 3125 1234 3212 pri-

215 3254 302 3300 mum
317 3234 542 3302 necessitatem
566 3235 736 3322 quamdam
751 3235 824 3303 duci
846 3236 993 3322 agnoscit
1008 3257 1026 3302 e
1040 3234 1178 3302 materia
1193 3256 1235 3300 ex

217 3363 280 3427 qua
294 3363 430 3429 corpora
443 3323 585 3412 viventia
601 3343 793 3424 conflantur,
812 3345 852 3410 ex
867 3344 1092 3412 alimentorum
1101 3363 1231 3430 genero,

219 3471 260 3516 ex
275 3445 510 3518 elementorum*
519 3451 551 3518 vi
566 3452 600 3517 in
615 3452 728 3537 quibus
743 3455 916 3519 versantur
932 3450 997 3542 (2);
1016 3451 1159 3518 sedeam
1177 3470 1235 3516 na·

218 3563 294 3626 tura
308 3559 350 3626 ad
361 3559 515 3646 optimum
527 3559 623 3627 finem
639 3559 760 3647 dirigit.
776 3560 904 3647 Magnis
919 3560 953 3626 in
966 3558 1234 3646 quadrupedibus,

219 3688 292 3754 quae
312 3672 485 3735 vescuntur
505 3668 630 3746 herbis,
653 3667 767 3755 ingens
788 3673 927 3736 terrenae
947 3667 1092 3734 materiae
1114 3666 1240 3758 pondus

219 3777 401 3844 necessario
438 3779 661 3864 comparatum
689 3796 785 3862 quam
819 3777 861 3844 ad
895 3761 1003 3843 varios
1036 3779 1114 3843 usu's
1138 3780 1171 3844 et
1198 3775 1239 3842 ad

258 3991 291 4058 (l)
311 3981 469 4064 Μεμιγμένη
487 3980 569 4064 γὰρῆ
588 3985 662 4042 τοῦδε
673 3987 720 4042 τοῦ
734 3979 834 4062 κόσμου
856 3978 954 4062 γένεσις
972 3979 997 4052 ἐξ
1016 3980 1131 4062 ἀνάγκης
1149 3979 1243 4042 τεκαὶ

224 4078 269 4132 νοῦ
282 4072 432 4140 συστάσεως
445 4071 579 4152 ἐγεννήθη.
594 4079 702 4152 Timeo,
719 4095 747 4152 p.
763 4081 808 4138 48.

265 4181 298 4249 (a)
316 4181 356 4237 De
370 4183 444 4252 part.
460 4175 621 4250 anim.,1V.
637 4180 699 4278 bet
711 4179 738 4235 3.
