3106 4932
601 519 646 532 ..
668 482 714 548 65
736 519 782 532 ....

181 629 251 704 avis
265 627 404 714 effigiem
420 627 608 693 constanter
618 625 811 718 tetendisset
820 624 1021 704 tGaeterum,
1036 623 1103 690 sive
1119 624 1201 691 mul·

181 736 308 823 tiplices
330 735 494 802 vanarum
518 727 697 826 specierum
717 735 817 800 series
827 758 845 813 ‚·
859 732 927 800 sir'e
943 731 978 799 in
1000 731 1134 820 singulis
1154 731 1203 799 di·

99 916 102 924 ,
182 867 296 912 uersos
321 844 538 932 generationis
564 843 685 932 gradus
708 841 884 920 intuearis,
911 841 972 908 hoc
998 841 1037 932 in'
1057 840 1203 932 omnibus
1284 825 1287 832 ’

180 955 246 1021 illis
268 953 608 1041 transfigurationibus
635 952 775 1019 maxime
798 938 1004 1036 conspicuum
1025 953 1091 1030 est,
1119 949 1204 1037 quod

170 1064 247 1130 illae
262 1066 312 1130 tot
327 1062 458 1138 ossimn,
477 1065 528 1129 tot
539 1083 706 1136 venarum,
726 1064 775 1128 tot
790 1060 1090 1139 musculorum,'tot
1103 1059 1206 1127 visce-

182 1192 269 1249 rum,
298 1176 348 1239 tot
371 1171 474 1237 omnis
499 1171 626 1257 generis
654 1171 795 1256 partium
818 1169 1013 1237 mutationes
1040 1171 1205 1255 nunqnam

184 1299 328 1348 seorsum
348 1283 545 1366 appareant,
571 1283 628 1346 aut
642 1279 715 1344 aliae
732 1279 780 1345 'ab
803 1278 877 1345 aliis'
894 1282 1017 1345 temere
1033 1299 1205 1366 segregen-
1267 1280 1270 1302 ¹

183 1393 249 1466 tur,
268 1388 352 1475 quod
373 1387 591 1454 necessarium
613 1389 699 1454 esset
714 1386 885 1472 aliquando
908 1386 1071 1464 accidere,
1089 1385 1118 1452 si
1139 1384 1213 1454 fou·

183 1489 284 1564 tuitas
297 1500 333 1564 et
349 1497 527 1563 exteriores
543 1515 657 1567 causas
674 1499 898 1580 sequerentur,
919 1495 976 1562 sed
991 1495 1206 1562 indissolubili
1266 1538 1270 1547 ι
1314 1514 1318 1522 ·

184 1605 311 1672 uinculo
331 1604 417 1670 inter
437 1625 472 1672 se
488 1596 642 1670 connexae
659 1603 740 1682 sint,
760 1603 824 1670 imo
841 1603 882 1670 ad
906 1603 1063 1690 optimum
1079 1623 1207 1689 semper

184 1734 250 1781 una
265 1712 384 1780 adduci*
396 1716 429 1778 et
451 1712 686 1779 accommodari
708 1712 891 1780 uideantur.
905 1714 989 1788 :Qua'
1003 1712 1052 1789 vi,
1071 1733 1134 1799 qua
1149 1726 1207 1799 po·-

185 1823 288 1889 tentia
303 1821 364 1887 iste
373 1821 518 1887 'omnium
530 1821 674 1908 corporis
687 1821 919 1888 elementorum
930 1821 1018 1887 inter
1033 1804 1069 1888 se
1080 1833 1208 1908 semper

185 1936 337 2018 aptorum
352 1933 385 1996 et
401 1930 632 1997 cohaerentium
644 1930 1209 2017 processus'dirigiturl,Nonne'ma·

184 2040 311 2107 niiestae
331 2033 491 2124 'apparent
514 2039 567 2104 hic
588 2039 695 2126 leges,
720 2039 851 2124 quibus,
877 2042 914 2105 ut
938 2038 1032 2106 hodie
1056 2033 1208 2127 cujusque

186 2148 303 2236 speciei
331 2147 520 2235 generatio,
550 2148 596 2212 sic
622 2147 698 2214 olim
726 2148 904 2233 specierum
931 2147 1088 2234 ipsarum·
1104 2148 1210 2234 prima

187 2255 371 2324 informatio
395 2255 687 2342 obtemperaverit?
704 2257 806 2321 Istam
825 2255 926 2342 igitur
942 2255 1119 2322 formarum
1136 2277 1210 2343 gra·

188 2365 363 2443 dationem,
384 2385 455 2450 quae
470 2364 505 2430 in
520 2363 629 2432 alitem
645 2362 783 2450 figuram
800 2363 960 2443 desiisset,
977 2364 1074 2430 certis
1085 2363 1210 2450 legibus

188 2474 257 2561 regi
273 2473 489 2560 oportuisset,
511 2493 582 2558 quae
599 2493 663 2539 non
678 2477 806 2549 tantum
822 2472 863 2538 ad
887 2485 1087 2539 communem
1103 2475 1209 2538 uerte·

188 2581 354 2652 brutorum
368 2585 542 2659 naturam,
571 2581 628 2646 sed
645 2581 687 2646 ad
703 2582 876 2666 proprium
897 2579 1009 2659 avibus
1031 2579 1208 2666 exemplar,

191 2689 258 2766 vel,
279 2695 315 2756 ut
330 2689 450 2758 diceret
464 2689 742 2765 Aristoteles,'ad
764 2685 928 2755 definitam
951 2689 1211 2774 individuamque

191 2796 484 2881 auiumessentiam
501 2797 712 2884 pertinerent.

130 2975 139 2996 ¹
235 2905 296 2972 Illa
321 2911 438 2974 autem
469 2906 576 2972 avium
601 2905 761 2993 generalis
784 2903 905 2972 fabrica
927 2905 968 2972 ad
992 2892 1089 2972 finem
1112 2906 1214 2972 mani-

190 3014 308 3088 festum
324 3019 475 3102 spectat,
497 3015 623 3082 scilicet
642 3014 684 3080 ad
703 3014 803 3081 uitam
826 3014 947 3080 aeriam
965 3019 998 3082 et
1020 3014 1061 3081 ad
1084 3015 1214 3082 volandi

190 3122 377 3194 tenultatem
390 3117 449 3212 (l).
469 3124 564 3190 Hunc
587 3121 740 3189 adfinem
757 3127 873 3189 cuncta
895 3123 1070 3202 elementa,
1091 3135 1162 3209 q'uae
1180 3125 1214 3190 in

192 3231 460 3300 vertebratorum
477 3231 653 3316 exemplari
669 3231 796 3311 insunt,
822 3232 1002 3320 singulares
1015 3232 1145 3320 *figuras
1167 3233 1216 3300 in-

194 3339 348 3418 duerunt,
367 3342 405 3405 ut
427 3339 548 3426 optima
573 3338 754 3406 efficeretur
774 3340 941 3408 volucrum
963 3341 1119 3429 sanguine
1135 3361 1217 3428 prae-

194 3447 335 3514 ditarum
352 3447 536 3534 descriptio.
558 3437 565 3454 ⁸
1148 3453 1151 3460 '

241 3555 276 3622 Si
298 3555 433 3621 tollatur
456 3556 511 3623 illa
541 3555 615 3622 finis
639 3561 672 3624 et
696 3556 846 3624 utilitatis
870 3557 977 3635 ratio,
1007 3557 1095 3625 nullo
1122 3557 1216 3624 modo

193 3663 332 3750 intelligi
355 3664 458 3750 possit
473 3685 532 3731 cur
546 3664 580 3732 in
601 3661 662 3730 hae
687 3664 902 3751 descriptione
916 3665 1033 3731 'omnia
1054 3668 1123 3732 tam
1142 3669 1217 3753 apte

157 3795 159 3801 ·
194 3772 400 3840 consentiant
418 3777 456 3840 ut
472 3794 588 3861 corpus
605 3772 724 3859 optime
741 3794 775 3838 se
790 3773 909 3839 habeat
925 3773 966 3840 ad
980 3773 1166 3853 volandum,
1185 3777 1219 3842 et

195 3881 348 3968 ponderis
365 3880 547 3982 exiguitas,
569 3885 602 3949 et
617 3881 712 3950 citior
728 3881 844 3948 animae
862 3881 1091 3969 reciprocatio,
1111 3887 1144 3954 et
1157 3882 1220 3952 toti

235 4127 268 4193 ul
284 4128 324 4185 ne
340 4133 415 4200 part.
431 4123 521 4185 eorm.
538 4127 585 4198 ru,
600 4127 646 4183 re.
757 4115 760 4122 “
