3106 4932
562 480 744 546 ..79-

139 619 271 692 infinita
285 615 462 710 imaginum
476 623 635 691 uarietate
647 625 681 692 in
697 621 793 691 rebus
808 623 1036 710 multiplicibus
1051 628 1084 692 et
1096 645 1163 693 mu·

138 731 296 799 tabilihus
316 733 487 819 exprimat.
590 723 593 732 ’
675 717 678 744 '

184 842 239 908 Ex
254 842 311 908 illa
326 842 424 910 etiam
440 846 564 926 aeterna
579 841 706 928 pulchri
718 841 887 928 decorique
899 847 1016 910 natura
1031 864 1163 912 manare

138 951 394 1020 existimandum
411 957 461 1020 est
472 972 657 1018 communes
669 950 845 1018 formarum
861 951 950 1040 leges
966 951 1079 1038 quibus
1094 953 1164 1019 uni-

128 1073 238 1128 ·uersa
252 1081 361 1128 rerum
377 1061 555 1129 uiuentium
571 1060 744 1147 descriptio
756 1061 892 1148 regitur.
909 1061 960 1130 Sic
972 1062 1006 1128 in
1018 1061 1163 1128 animan·

137 1169 229 1238 tibus
244 1191 348 1256 neque
368 1169 531 1258 geminata
557 1169 614 1236 illa
633 1170 773 1255 partium
789 1170 895 1238 autin
910 1171 1021 1237 orbem
1036 1171 1163 1257 opposi-

137 1279 200 1359 tio,
219 1279 436 1365 nequeatiam
452 1278 593 1347 definitae
608 1279 674 1345 illae
690 1282 863 1346 structurae
876 1300 947 1365 quae
958 1280 1163 1348 Vertebretis
1297 1269 1300 1285 ’

140 1391 199 1458 aut
219 1388 392 1456 Annulatis
405 1388 554 1476 propriae
579 1393 666 1462 sunt,
690 1409 781 1455 mera
802 1387 952 1456 utilitatis
968 1389 1093 1456 ratione
1107 1411 1162 1456 ex-

139 1497 257 1582 plicari
272 1518 368 1584 posse
381 1497 534 1565 uidentur
548 1524 557 1575 ;
572 1497 746 1582 eademque
762 1496 801 1563 de
817 1496 936 1582 plantis
952 1497 1057 1563 dicere
1073 1497 1159 1566 licet.

139 1605 383 1702 Altissimorum
404 1605 500 1693 hujus
520 1605 607 1672 modi
632 1605 864 1692 exemplarium
881 1605 1039 1692 originem
1054 1606 1088 1672 in
1103 1607 1163 1673 im·
1235 1635 1239 1646 ·

138 1714 348 1782 mutabilibus
364 1714 490 1801 pulchri
506 1719 539 1781 et
550 1713 625 1781 boni
642 1714 767 1802 legibus
784 1735 976 1800 quaeremus,
992 1714 1163 1782 Platonem

138 1823 175 1893 in
203 1824 316 1910 primis
344 1822 457 1890 ducem
484 1828 667 1909 sequentes,
696 1844 763 1890 non
786 1823 870 1909 quod
891 1823 1085 1890 Aristoteles
1111 1824 1164 1890 hic

139 1931 273 2000 omnino
290 1932 482 2010 dissentiat;
500 1931 569 2010 sed,
587 1935 624 2000 ut
640 1951 689 2008 ea,
709 1952 780 2017 quae
797 1932 997 2019 experientia
1011 1932 1162 2019 colligere

139 2040 229 2120 licet,
239 2041 340 2108 multo
355 2040 536 2108 accuratius
552 2041 728 2128 perspexit,
739 2042 784 2108 sic
796 2041 999 2117 sublimiores
1009 2042 1074 2108 illae
1087 2063 1163 2109 cau-

143 2170 190 2218 sae
204 2167 227 2246 a
242 2149 350 2218 divino
365 2149 549 2217 Academiae
564 2150 722 2238 magistro
738 2149 857 2217 clarius
872 2149 1086 2218 illustrantur.
1113 2176 1116 2183 ¹

189 2260 238 2326 Ac
253 2259 391 2346 primum
406 2259 441 2326 in
456 2259 610 2326 Phedone
626 2259 698 2327 duaa
714 2263 939 2328 monstrantur
956 2261 1030 2338 viae,
1050 2261 1163 2346 quibus

145 2367 187 2436 ad
202 2369 398 2440 reddendam
414 2389 523 2435 rerum
546 2371 673 2436 naturae
690 2367 1038 2456 rationemprocedere
1054 2369 1160 2436 liceat.

146 2478 184 2544 In
206 2475 310 2545 altera
330 2477 464 2564 ,quidem
492 2477 600 2544 omnia
619 2476 660 2544 ad
683 2479 838 2565 optimum
857 2477 1065 2544 referuntur:
1084 2479 1163 2546 satis

148 2605 218 2652 esse
234 2586 311 2654 dicit
327 2588 476 2654 Socrates
493 2585 533 2652 ad
550 2586 771 2672 explicandam
787 2586 938 2672 cujusque
949 2587 997 2652 rei
1013 2585 1160 2665 sormam,

147 2691 251 2762 locum
266 2698 322 2762 aut
340 2695 496 2772 ordinem,
516 2695 543 2761 si
559 2695 749 2763 ostendatur
768 2695 874 2782 potius
891 2716 962 2760 esse
977 2715 1046 2762 rem
1066 2696 1113 2762 ita
1128 2717 1162 2762 se

146 2800 265 2870 habero
280 2825 374 2891 quam
391 2804 502 2890 quouis
527 2804 590 2870 alio
614 2805 707 2871 modo
721 2830 728 2883 ;
747 2805 1037 2893 Anaxagoramque
1052 2826 1162 2892 repre-

144 2911 267 2992 hendit,
287 2914 370 3000 quod
385 2913 619 3000 intelligentem
635 2913 723 2980 illam
739 2923 881 2993 causam,
897 2934 991 3000 quam
1007 2914 1163 3001 primnsa

143 3023 280 3090 materia
307 3024 505 3110 sejunxerat,
529 3025 713 3090 admotum
738 3023 841 3090 solum
862 3023 1074 3103 inferendum,
1097 3046 1163 3092 non

144 3131 186 3198 ad
212 3129 427 3218 disponendas
453 3133 563 3204 mundi
580 3139 700 3219 partes
728 3133 921 3210 adhibuerit,
948 3154 1051 3219 neque
1078 3135 1163 3201 hanc
1299 3179 1302 3184 -

145 3240 287 3334 omnium
301 3262 411 3308 rerum
427 3241 669 3308 dominatricem
685 3242 761 3308 boni
780 3242 958 3328 potentiam
979 3244 1159 3330 agnouerit.

145 3348 209 3417 Sed
223 3371 299 3416 mox
314 3351 355 3418 ad
366 3350 501 3418 alteram
516 3351 585 3437 ipse
601 3349 742 3418 deflectit
753 3351 850 3431 viarm
866 3349 1020 3437 docetque
1037 3355 1160 3430 eornm,

144 3478 216 3544 quae
237 3459 272 3524 in
293 3459 410 3526 mundo
433 3459 658 3537 observantur,
677 3465 828 3528 naturam
852 3460 892 3526 ab
913 3447 1162 3527 immutabilibus

142 3566 357 3655 perfectisque
373 3566 496 3644 formis,
515 3589 586 3655 quae
609 3572 716 3635 mente
731 3572 859 3636 tantum
875 3569 995 3654 percipi
1013 3572 1159 3654 possunt,

142 3676 295 3763 pendere,
315 3698 488 3763 eorumque
500 3697 612 3744 causas
627 3677 662 3742 in
677 3676 740 3742 illis
757 3677 837 3742 ideis
853 3697 924 3742 esse
940 3676 1157 3762 inquirendas.

120 3811 123 3830 ·
144 3785 309 3861 Quomodo
326 3790 434 3853 autem
446 3785 548 3852 amhae
564 3786 629 3851 illae
644 3785 787 3852 rationes
800 3785 946 3851 connecti
962 3784 1110 3864 debcant,
1125 3791 1162 3854 ut

143 3893 286 3980 perfecta
305 3894 496 3963 instituatur
517 3915 627 3962 rerum
650 3895 777 3961 naturae
800 3893 1037 3980 interpretatio,
1056 3894 1162 3962 dicere

144 4003 274 4070 omittit.

188 4112 234 4179 At
247 4112 284 4180 in
294 4111 376 4182 libro
393 4112 447 4200 qui
463 4112 503 4180 de
517 4111 682 4198 republica
700 4109 898 4191 inscribitur,
917 4111 1075 4198 duplicem
1091 4133 1162 4181 esse
