3106 4932
729 467 909 533 ..64-

310 610 481 682 intervallo
497 614 565 678 tam
580 610 736 678 immenso
753 611 907 698 sejunctae
930 610 996 676 sint
1019 609 1083 676 illae
1105 607 1228 688 formae,
1253 629 1324 696 quae

310 721 413 808 primo
425 720 579 806 'adspectu
594 718 676 784 nihil
688 741 854 786 commune
866 719 987 786 habere
997 718 1180 785 videantur.

356 828 484 904 Quaevis
501 831 534 894 et
554 831 766 912 quotcumque
782 828 848 894 sint
867 826 981 894 mediae
1002 827 1125 905 formae,
1145 847 1227 913 quas
1240 827 1326 894 inter
1346 841 1347 844 ’

312 937 422 1004 ambas
438 937 510 1004 illas
521 920 686 1002 exstitisse
698 937 814 1023 fingas,
834 940 869 1002 ut
885 936 1044 1004 continuis
1063 929 1215 1024 gradibus
1231 935 1327 1022 piscis

311 1046 345 1112 in
357 1067 450 1112 avem
473 1045 593 1112 mutari
613 1046 766 1132 potuerit,
784 1045 837 1112 vel
854 1050 889 1114 ut
901 1051 1037 1132 utraque
1052 1067 1094 1112 ex
1109 1043 1328 1111 communibus

276 1201 278 1206 .
311 1153 498 1243 parentibus
526 1159 598 1222 orta
625 1155 678 1230 sit,
703 1154 782 1221 illud
796 1159 907 1222 tamen
936 1155 1032 1222 fateri
1056 1153 1181 1242 cogeris
1206 1147 1328 1220 c'ertam

311 1284 383 1354 esse
398 1263 503 1350 legem
519 1268 552 1331 et
564 1262 712 1330 altiorem
719 1245 793 1330 'vim
809 1285 880 1348 quae
890 1265 969 1332 istas
981 1263 1176 1330 mutationes
1189 1257 1329 1348 istosque

311 1384 502 1462 progressus
520 1368 628 1458 regat,
655 1392 727 1457 quae
758 1373 866 1438 omnia
890 1371 968 1439 vitae
995 1373 1212 1440 instrumenta
1234 1371 1330 1440 simul

312 1479 580 1548 concordantibus
597 1479 749 1566 gradibus
765 1480 921 1566 paulatim
936 1479 1158 1568 transfiguret,
1178 1480 1273 1546 itaut
1288 1479 1329 1544 ad

265 1599 269 1607 “
312 1579 440 1658 statum*
457 1593 491 1655 et
514 1589 680 1656 definitum
701 1589 797 1656 finem
825 1590 1028 1666 conveniant,
1053 1589 1085 1656 id
1108 1593 1158 1656 est
1182 1589 1224 1654 ad
1243 1587 1328 1654 illius

312 1701 485 1766 structurae
500 1692 740 1783 perfectionem,
762 1719 834 1784 quae
855 1702 891 1765 ut
915 1698 1079 1785 exemplar
1094 1697 1217 1776 existit,
1239 1700 1329 1764 ante-

256 1861 262 1874 .
313 1826 408 1890 quam
424 1807 457 1873 in
469 1805 605 1874 materia
621 1811 787 1892 appareat.
992 1889 996 1898 ,

350 1915 521 1990 Quasdam
535 1915 630 1982 istius
642 1914 727 1982 modi
736 1915 1040 2004 transfigurationes
1052 1915 1086 1982 iu
1098 1915 1138 1982 iis
1150 1913 1326 2003 speciebus,

300 2031 384 2109 'quae
399 2023 640 2101 hodievivunt,
660 2043 792 2091 cernere
809 2029 882 2102 est-;
900 2045 992 2102 rana,
1017 2025 1156 2112 primum
1183 2023 1263 2110 pisci
1287 2016 1329 2088 si-

298 2131 410 2210 milis,
428 2131 590 2198 branchiis
606 2133 720 2218 spirat,
739 2133 872 2218 pedibus
895 2138 995 2212 caret,
1014 2133 1048 2199 in
1064 2133 1200 2199 caudam
1226 2130 1329 2218 porri-

313 2241 401 2327 gitur
416 2267 424 2318 ;
438 2241 508 2336 haec
524 2247 632 2310 autem
644 2231 749 2328 figura
764 2242 916 2312 continuo
931 2243 965 2308 in
980 2243 1061 2308 elias
1077 2241 1213 2318 transit;
1229 2239 1331 2306 minu-

153 2435 160 2454 .
233 2374 239 2384 x
313 2344 412 2407 untur
426 2341 581 2428 paulatim
598 2341 663 2406 illae
678 2341 854 2420 branchiae,
867 2342 943 2410 dum
955 2343 1122 2428 pulmones
1135 2344 1283 2408 crescunt
1298 2345 1331 2405 et

314 2449 422 2517 omnia
438 2449 581 2516 membra
601 2471 684 2516 novo
704 2450 832 2517 vivendi
857 2453 967 2538 generi
984 2451 1144 2538 gradatim
1164 2451 1327 2536 aptantur.

315 2555 378 2626 Sed
390 2563 471 2626 ratae
484 2563 559 2626 sunt
574 2559 625 2625 hae
638 2555 874 2626 vicissitudines
887 2565 920 2627 'et
932 2563 1022 2626 certa
1036 2559 1107 2648 lege
1124 2559 1307 2626 constitutae
1320 2584 1328 2634 ;

314 2687 411 2734 nona
426 2667 531 2733 causis
545 2652 770 2744 exterioribus
786 2689 856 2755 quae
873 2691 937 2736 non
953 2674 1131 2744 mutantur,
1147 2668 1204 2764 sed
1220 2688 1241 2733 a
1257 2687 1349 2753 pro-.

315 2776 386 2861 pria
397 2776 529 2862 hujusce
541 2777 688 2842 animalis
701 2782 818 2860 natura
830 2779 981 2864 pendent.
999 2777 1122 2846 Ultima
1133 2782 1167 2846 et
1190 2775 1333 2863 perfecta

315 2905 405 2950 ranae
420 2884 524 2950 forma
543 2885 632 2970 prius
656 2885 795 2963 exsistit,
814 2891 852 2954 ut
871 2887 1090 2974 generationis
1111 2885 1185 2952 finis
1206 2889 1239 2952 et
1256 2903 1351 2950 nor-⁴

316 3014 369 3058 ma
387 3020 394 3072 ;
413 2998 504 3085 certa
518 2992 571 3058 via
583 2993 624 3058 ad
639 2978 722 3060 hanc
736 2995 901 3073 tenditur;
919 2999 953 3061 et
971 2995 1117 3080 quamvis
1132 2994 1230 3084 hujus
1242 2997 1333 3060 tran-

316 3101 396 3169 situs
412 3101 498 3167 modi
513 3100 733 3167 communibus
749 3106 875 3170 naturae
886 3102 1026 3170 viventis
1042 3101 1167 3190 legibus
1183 3106 1349 3188 pareant„

246 3242 249 3250 ,
281 3240 285 3244 ·
318 3209 390 3286 aliae
406 3212 566 3296 praeterea
577 3205 795 3296 agnoscuntur
803 3211 906 3298 teges
917 3231 988 3297 quae
1004 3211 1039 3276 in
1048 3209 1202 3296 peculiari
1218 3209 1335 3296 speciei

317 3317 444 3384 ratione
459 3321 493 3384 et
519 3317 661 3404 essentia
672 3318 900 3396 continentum
915 3319 999 3406 quod
1014 3319 1207 3388 Aristoteles
1218 3318 1276 3382 rto
1285 3317 1336 3383 io'·
1346 3322 1353 3350 ²

317 3451 369 3518 you
381 3430 433 3501 τῆς
450 3423 553 3502 οὐσίας
568 3431 675 3503 vocat.
1250 3411 1254 3423 Ι

364 3535 574 3621 Pariterque,
605 3536 732 3602 etiamsi
759 3557 851 3632 arem
879 3557 899 3604 a
921 3521 1113 3626 primigenia
1138 3537 1275 3622 quadam
1303 3539 1338 3602 et
1372 3575 1379 3586 ·

319 3645 461 3714 maxime
480 3629 606 3710 remota
631 3644 736 3711 forma
759 3646 856 3734 longo
880 3646 1201 3734 transfigurationum
1225 3643 1336 3712 ordine

320 3759 424 3821 ortam
447 3775 517 3819 esse
544 3753 703 3840 fingeres,
729 3774 795 3820 non
819 3755 890 3822 ideo
914 3755 1112 3824 exteriorum
1135 3775 1245 3820 rerum
1268 3750 1353 3818 effi··

320 3862 437 3928 cientia
456 3861 542 3936 illius
565 3865 715 3928 naturam
739 3847 772 3931 et
793 3857 988 3948 peculiarem
1010 3867 1207 3931 structuram
1230 3861 1337 3928 deter-

245 3983 249 3992 '
320 3969 519 4037 minavisset.
540 3971 605 4038 Cur
620 3971 705 4037 euim
723 3971 787 4036 ista
802 3970 977 4038 formarum
994 3971 1178 4066 progressio
1194 3969 1236 4036 ad
1251 3989 1338 4036 eam-

321 4079 393 4146 dem
417 4083 536 4146 metam
558 4077 695 4145 tamdiu
720 4079 931 4166 spectavisset
954 4081 1044 4148 etad
1065 4076 1339 4166 l1ancperfectam
1409 4137 1412 4146 .
