3106 4932
628 481 808 552 -69—

206 631 277 698 ideo
302 646 401 718 grave
417 629 560 717 corporis
575 629 700 715 pondus
721 631 754 694 et
773 625 923 694 invalidae
943 627 1020 704 alae;
1039 627 1124 706 aliae,
1143 631 1227 714 quod

205 743 348 828 pennata
363 739 486 806 insecta
506 733 724 826 persecuturos
740 741 845 814 erant,
864 740 959 802 tenue
980 736 1226 824 elongatumque

206 848 373 916 rostellum
393 869 466 914 cum
488 847 610 914 levibus
633 846 692 912 alis
716 845 855 923 habent;
874 840 945 910 aliis
974 845 1109 931 denique
1136 851 1226 915 recta
1309 931 1316 936 ῃ

206 957 374 1042 validaque
389 957 488 1023 rostri
500 957 602 1046 acies,
616 955 699 1041 quod
712 975 752 1021 ex
767 955 847 1020 duro
864 953 1015 1020 arborum
1025 954 1143 1022 cortice
1153 976 1225 1022 ver-

206 1086 274 1134 mes
282 1065 454 1132 extrahere
467 1063 633 1162 deberent.

216 1259 219 1272 ,
252 1173 528 1241 Constantissimae
543 1176 620 1240 sunt
637 1172 701 1238 illae
717 1170 892 1238 formarum
908 1172 1124 1239 connexiones
1144 1199 1150 1238 :
1170 1174 1224 1240 de·

205 1281 297 1350 finita
313 1303 447 1368 quaeque
464 1282 616 1369 cujusque
632 1281 839 1348 instrumenti
852 1279 957 1368 figura
971 1281 1042 1346 haec
1051 1281 1085 1346 in
1097 1283 1225 1350 caeteris

205 1391 352 1477 partibus
367 1411 494 1477 semper
509 1390 656 1476 requirit,
680 1390 735 1456 illa
761 1410 888 1476 semper
904 1389 1056 1457 excludit.
1077 1389 1139 1456 Ubi
1154 1412 1224 1458 ros-

204 1503 291 1567 trum
307 1501 476 1578 aduncmm
495 1520 658 1586 nunquam
671 1499 791 1586 pedum
809 1499 944 1586 palmas,
964 1519 1127 1585 nunquam
1158 1500 1222 1566 cal·
1256 1483 1257 1490 ἵ

205 1609 251 1676 cis
263 1610 390 1677 aculeos
406 1609 549 1676 iuvenies
565 1635 572 1674 :
591 1609 653 1676 hoc
668 1608 754 1674 enim
770 1607 905 1677 calcaris
921 1608 1108 1694 praesidium
1116 1608 1156 1674 iis
1169 1630 1224 1676 na·
1343 1669 1349 1687 ,

204 1722 279 1786 tura
289 1718 415 1798 tribuit,
434 1739 505 1804 quae
520 1718 617 1784 lentae
637 1723 794 1805 etgraves
821 1723 1001 1803 pennarum
1026 1716 1144 1804 effugia
1159 1739 1225 1786 non

203 1827 340 1905 habent<
348 1827 535 1914 quibusque,
545 1847 642 1911 quum
649 1826 798 1902 incedere
814 1826 920 1913 potius
937 1847 1032 1911 quarn
1048 1826 1159 1893 volare
1170 1828 1223 1894 de-

203 1928 329 2004 berent,
349 1928 503 2023 unguium
529 1927 708 2013 proceritas
729 1925 913 2012 importuna
928 1925 1052 1994 fuisset.
1080 1926 1150 1992 Illae
1167 1948 1223 1994 au-

204 2039 269 2102 tem
286 2056 356 2122 quae
372 2035 414 2102 ad
441 2036 596 2122 impetum
623 2034 920 2112 inferendumsnon
936 2036 977 2101 ad
1003 2034 1223 2121 repellendum

204 2148 289 2211 natae
306 2148 392 2222 sunt,
411 2165 546 2230 quaeque
566 2148 672 2210 rostro
690 2147 723 2210 et
738 2143 898 2230 unguibus
929 2143 1008 2212 satis
1039 2150 1220 2228 armantur,

204 2273 287 2320 novo
303 2254 365 2319 hoc
380 2253 500 2319 anxilio
517 2275 582 2320 non
595 2253 754 2340 egebant:
774 2257 892 2320 natura
915 2257 1023 2322 autem
1051 2254 1131 2336 nihil
1153 2255 1223 2322 inu-

203 2361 259 2429 tile
276 2383 415 2448 unquam
431 2362 509 2428 facit
525 2360 583 2453 (l)

247 2472 351 2558 Hujus
367 2470 453 2538 modi
469 2471 683 2538 connexiones
699 2471 733 2536 in
754 2471 881 2537 caeteris
899 2465 1025 2558 quoque
1051 2471 1222 2558 generibus

178 2603 182 2608 ·
205 2584 352 2647 constare
368 2583 530 2646 monstrat
553 2579 746 2646 Aristoteles
762 2605 769 2644 :
788 2579 849 2646 hoc
875 2579 1032 2666 principio
1056 2585 1132 2648 tam.
1155 2583 1222 2648 exi-

204 2687 267 2754 mie
293 2687 456 2755 delinitam
483 2688 715 2756 ruminantium
745 2689 942 2755 structuram
970 2689 1141 2774 explieat:
1175 2690 1221 2768 sic

205 2796 301 2862 etiam
317 2797 349 2863 in
365 2796 636 2864 numerosissimis
664 2796 860 2864 insectorum
884 2796 1049 2882 speciebus
1081 2798 1218 2877 alarum,

172 2905 329 2996 ‚pedum
348 2905 587 2984 intestinorum,
607 2905 685 2981 oris,
700 2905 885 2986 aculeorum
896 2909 1030 2971 naturas
1047 2906 1088 2971 ad
1099 2905 1222 2992 aliquot

201 3013 333 3082 definita
348 3014 477 3081 vivendi
494 3035 614 3102 genera
630 3014 725 3080 simul
745 3014 1001 3082 accommodatas
1018 3035 1088 3104 esse
1106 3019 1138 3094 et
1168 3036 1221 3082 as-

200 3121 291 3190 sidue
307 3124 494 3212 conjunctas
508 3123 665 3210 praeclare
682 3123 823 3190 ostendit
839 3121 886 3214 (2)
899 3151 907 3201 ;
922 3123 1027 3209 inquo
1040 3124 1222 3212 philosophi
1294 3194 1298 3204 ,

202 3233 411 3319 sagacitatem
425 3231 610 3324 ‚admiratus
642 3236 692 3299 est
723 3233 901 3300 Cuuierius.
930 3235 1003 3320 Ipse
1031 3237 1139 3325 autem
1167 3234 1221 3301 ille

201 3359 337 3426 magnus
351 3340 530 3428 priscarum
543 3339 629 3407 orbis
638 3341 851 3418 mutationum
864 3341 1025 3428 interpres
1037 3343 1121 3409 idem
1130 3342 1231 3439 prin-¹
1275 3351 1277 3356 ’

1207 2419 1220 2452 Ι
1323 2403 1325 2407 .

201 3448 319 3536 cipium
341 3449 616 3534 praestantissimis
639 3451 838 3537 argumentis
863 3450 1065 3538 inventisque
1077 3452 1219 3517 illustra·
1324 3511 1334 3522 ,,

200 3557 259 3626 uit.
294 3557 345 3624 lta
372 3558 456 3625 enim
487 3559 617 3626 disserit
645 3557 718 3648 (3):
757 3589 771 3613 u
791 3560 830 3626 ln
846 3579 1042 3646 quacumque
1064 3560 1220 3628 animanti

410 3739 413 3746 »
522 3721 535 3764 r

236 3809 271 3874 ur
291 3809 331 3866 Ito
345 3768 421 3882 part.
437 3783 527 3868 euim.
544 3807 644 3880 tvmt.
737 3807 743 3814 “
865 3885 868 3898 Ι

234 3925 267 3994 (tt
287 3921 373 3997 uun,
385 3927 403 3980 ὅ
417 3928 447 3982 ot
461 3926 488 3982 6.

232 4037 265 4109 (3)
283 4036 423 4098 Diseours
437 4052 490 4096 sur
503 4037 546 4096 les
556 4036 739 4098 revolutione
749 4036 786 4097 de
796 4037 825 4097 la
836 4037 953 4099 sorraco
968 4037 1008 4099 du
1019 4038 1117 4117 globo,
1127 4053 1219 4116 pagos

196 4128 295 4185 tto-102
309 4126 349 4188 de
362 4127 391 4186 la
402 4129 431 4185 6·
448 4125 568 4186 edition.
595 4203 599 4214 Ι
