3134 4938
580 502 739 574 ...3.-

149 651 269 718 Fertur
279 647 463 718 Heraclitus
474 648 618 736 hospites
635 647 790 735 quosdam
805 645 870 734 qui,
885 667 983 734 quum
999 665 1072 716 eum
1087 645 1169 716 vise·

148 762 223 827 rent
237 764 335 846 atque
353 758 395 826 ad
414 757 520 825 focum
535 757 700 825 sedentem
715 755 799 825 forte
814 757 1025 844 reperissent,
1038 756 1167 824 dubita·

147 870 222 936 rent
233 866 397 946 accedere,
412 887 454 933 ne
468 865 595 954 pigeret
610 865 736 953 ingredi
752 865 938 954 rogavisse:
957 865 1070 933 adesse
1082 865 1168 934 enim

148 980 183 1044 et
201 975 268 1041 illic
284 974 371 1060 deos.
396 974 448 1043 Sic
467 980 500 1042 et
519 995 579 1042 nos
595 975 636 1041 ad
652 975 879 1062 quuscumque
895 995 935 1071 er
951 973 1168 1042 animantibus

147 1088 322 1153 structurae
336 1065 576 1171 inquisitionem
586 1081 725 1150 libentes
740 1103 779 1150 ac
790 1083 860 1150 sine
872 1081 1000 1151 fastidio
1014 1083 1106 1152 decet
1116 1103 1168 1152 ac·

147 1193 280 1268 cedere,
300 1213 396 1279 quum
411 1193 446 1259 in
462 1192 608 1259 omnibus
625 1191 747 1259 eniteat
763 1195 891 1260 naturae
906 1191 957 1260 vis
973 1197 1006 1261 et
1022 1193 1130 1261 decor.
1148 1225 1165 1253 a

194 1303 235 1370 In
249 1301 312 1376 illis
325 1300 520 1369 sublimioris
540 1300 753 1388 philosophia
779 1299 928 1368 laudibus
943 1299 1090 1369 Platonis
1106 1301 1169 1369 dis-

150 1410 290 1497 cipulum
306 1410 521 1498 agnoscimus,
540 1395 575 1476 et
600 1412 741 1476 mentem
764 1409 850 1477 subit
870 1409 924 1503 bic
954 1409 1169 1479 celebratissi-

149 1539 222 1587 mus
249 1514 506 1597 Convivamus,
522 1518 556 1583 in
568 1537 630 1604 quo
643 1517 783 1592 Dictime
796 1517 913 1585 divinae
920 1518 1169 1605 pulchritudinis

150 1633 372 1696 amoremtam
388 1629 531 1715 maniter
555 1626 692 1694 extollit.
713 1627 775 1694 Sed
790 1627 874 1694 hanc
900 1649 1009 1695 rerum
1030 1631 1169 1696 aeterna·

150 1759 223 1805 rum
234 1736 538 1823 contemplationem
547 1735 849 1823 Aristotelesneque
859 1736 906 1806 ita
917 1737 1170 1824 plenam‚ueque

153 1846 197 1914 ita
208 1847 334 1914 facilem
345 1844 514 1933 judicavit,
533 1849 570 1912 ut
582 1844 706 1911 animus
727 1845 830 1931 possit
841 1845 875 1912 in
891 1867 930 1912 ea
945 1850 1101 1934 perpetuo
1116 1868 1169 1914 re·

152 1957 314 2042 quiescere
324 1957 357 2020 et
369 1953 410 2019 ad
422 1952 516 2020 beate
531 1953 704 2034 vivendum
719 1974 758 2020 ca
780 1958 966 2022 contentum
990 1976 1073 2023 esse.
1104 1957 1169 2027 Re-

150 2086 222 2132 rum
237 2061 443 2144 tcrrestrium
459 2062 703 2148 praesertimque
718 2061 895 2130 formarum
911 2064 1089 2131 viventium
1112 2086 1168 2132 aa·

150 2174 250 2242 rictas
272 2172 448 2238 faciliorem
469 2170 640 2236 materiam
666 2170 696 2238 ei
719 2170 848 2240 videtur
874 2173 1003 2260 ingenio
1027 2175 1169 2241 humano

152 2281 297 2368 praebere
316 2306 323 2346 :
341 2280 394 2346 hic
406 2300 508 2357 mens,
520 2279 700 2346 nonomnia
712 2301 797 2346 exse
812 2281 978 2359 hauriens
995 2283 1051 2348 sed
1067 2281 1169 2348 firmis

152 2388 358 2476 experientiae
374 2387 590 2455 fundamentis
606 2387 728 2467 innixa,
747 2410 812 2455 non
829 2392 956 2456 tantum
969 2389 1121 2456 obscuras
1138 2393 1172 2457 et

152 2519 239 2584 saepe
251 2498 362 2563 inanes
378 2496 500 2582 species
513 2496 574 2562 sibi
591 2495 726 2583 fingere,
746 2498 802 2563 scd
819 2519 859 2562 ex
886 2498 983 2563 certis
1005 2496 1170 2565 effectibus

153 2611 259 2672 certas
271 2627 382 2671 causas
397 2605 549 2672 inducere
565 2609 682 2690 potest,
703 2609 736 2672 et
750 2605 801 2670 his
817 2606 925 2691 ‚quasi
945 2606 1098 2693 gradibus
1115 2627 1167 2672 as-

155 2733 301 2799 surgens,
320 2713 361 2778 ad
377 2733 468 2808 sacra
484 2717 517 2779 ct
537 2712 684 2779 sublimia
701 2713 872 2798 aliquando
888 2714 1052 2780 accedere.

199 2820 292 2886 Hanc
307 2819 405 2906 igitur
419 2821 504 2886 viam
520 2826 648 2887 secutus
665 2827 727 2898 est,
748 2824 782 2908 et
798 2821 948 2908 quidquid
972 2823 1012 2888 de
1028 2824 1172 2890 animan-

152 2929 234 2996 tium
246 2927 471 2996 diversissimis
488 2929 653 3015 speciebus
670 2931 703 2994 et
719 2929 758 2995 de
774 2933 1077 3010 earum'structura
1089 2932 1168 3010 vita,

153 3037 372 3126 generatione,
392 3038 533 3104 moribus
565 3039 709 3122 accipere
724 3038 838 3117 licuit*
860 3040 1100 3106 accuratissime
1123 3041 1172 3106 in-

153 3147 324 3232 trospexit.
345 3147 394 3213 Ra
410 3168 448 3213 us
465 3167 589 3212 summa
605 3146 761 3232 principia
776 3148 894 3234 attingi
909 3169 974 3214 non
989 3170 1095 3235 posse,
1111 3149 1174 3215 nisi

153 3255 242 3350 prius
262 3256 400 3321 maxime
421 3256 507 3321 inter
526 3276 560 3320 se
579 3253 764 3343 differentes
786 3255 897 3321 formae
922 3260 955 3322 et
976 3261 1102 3322 naturae
1118 3279 1174 3344 pa-

154 3365 241 3431 nitus
264 3369 350 3430 notae
375 3362 507 3440 fuerint,
526 3383 590 3428 non
607 3366 730 3429 tantum
752 3364 822 3430 haec
839 3385 959 3450 genera
977 3366 1104 3450 adquae
1120 3387 1175 3430 ve-

155 3469 215 3540 luti
231 3472 354 3538 homini
370 3472 522 3558 propiora
543 3472 645 3558 magis
677 3473 845 3538 attendere
860 3473 1022 3550 solemus,
1043 3473 1173 3570 sedcc-

153 3584 224 3646 tera
240 3579 337 3647 etiam
354 3583 387 3644 et
397 3579 584 3665 plerumque
600 3581 726 3647 minora
743 3583 775 3646 et
796 3585 944 3647 anostra
970 3584 1089 3647 natura
1104 3601 1173 3646 ma-

155 3688 204 3774 gis
221 3687 339 3764 aliena,
355 3687 490 3766 insecta,
516 3691 693 3766 crustacca,
727 3691 882 3768 testacea,
906 3709 1023 3774 easque
1051 3689 1174 3775 species

155 3817 224 3881 quae
238 3796 421 3882 plantarum
436 3796 551 3864 vicinae
569 3793 752 3882 ambiguam
759 3801 914 3872 naturam
927 3797 1046 3862 habere
1062 3797 1173 3866 viden-

154 3908 219 3983 tur,
247 3903 491 3992 diligentissime
514 3904 730 4020 considerauit
746 3902 810 3995 (1);
841 3905 1042 3993 singulorum
1064 3911 1174 3992 partes
1243 3929 1247 3932 ’

193 4127 225 4199 (ll
244 4129 315 4187 llist.
331 4127 423 4187 euim.
442 4131 487 4200 lv,
503 4131 566 4202 l-73
587 4127 624 4186 dc
637 4132 714 4202 part.
734 4125 823 4186 anim.
840 4130 886 4200 lv,
901 4131 960 4187 aa
