3106 4932
743 497 928 587 -so-‚
1014 533 1016 540 -
1197 539 1207 569 .

324 635 486 714 conflavit.
518 623 570 706 Sic
594 640 835 726 quadrupedum
857 643 945 708 naris
972 643 1006 709 iu
1025 643 1180 730 singulari
1193 644 1343 730 elephan-

325 752 433 816 torum
450 747 663 834 descriptione
686 746 733 839 (l)
755 771 832 818 usus
854 773 954 820 novos
978 752 1111 839 ideoque
1134 753 1270 844 formam
1293 754 1342 820 in-

327 856 452 944 signem
476 857 609 942 ac'oepit.
635 858 687 926 Sic
713 858 841 926 omuino
865 861 1058 949 intelligitur
1073 862 1270 949 exemplaris
1293 863 1344 930 vel

328 965 478 1033 essentiae
497 967 672 1033 communis
697 967 856 1036 clementa
875 991 946 1037 esse
966 971 1057 1056 quasi
1074 972 1253 1049 materiam,
1273 991 1344 1058 quae

328 1072 370 1140 ad
381 1074 526 1156 diuersos
549 1094 626 1141 usus
646 1075 848 1143 informanda
872 1079 925 1158 sit,
952 1085 1048 1167 prout
1069 1081 1195 1167 singula
1216 1080 1344 1147 vivendi

330 1203 449 1270 genera
464 1182 631 1267 requirant
646 1210 652 1248 :
672 1204 742 1269 quae
757 1206 834 1252 vero
846 1186 895 1252 vis
908 1207 947 1252 ea
962 1187 1007 1254 sic
1020 1188 1183 1275 aptissime
1192 1188 1343 1256 informa-

329 1289 388 1369 bit,
407 1290 469 1357 nisi
481 1291 592 1378 optimi
607 1293 753 1378 potentia
767 1298 800 1362 et
815 1295 923 1362 ratiol

375 1399 436 1466 Illa
450 1421 527 1467 vero
544 1401 659 1469 formae
681 1403 857 1470 necessitas
874 1405 987 1492 'magis
1009 1425 1047 1472 ac
1061 1405 1173 1492 magis
1192 1407 1345 1492 augustos

330 1510 417 1576 intra
431 1510 588 1578 terminos
601 1510 761 1597 gradatim
773 1513 987 1591 contrahitur,
1007 1535 1068 1599 quo
1084 1535 1104 1580 a
1119 1513 1273 1582 latissime
1289 1535 1345 1601 pa-

330 1619 472 1687 tentibus
490 1619 661 1706 generibus
682 1620 895 1688 descenditur
917 1622 958 1688 ad
980 1623 1121 1689 arctiora
1129 1613 1142 1700 ;Ι
1160 1631 1347 1709 semperque

331 1729 428 1796 altius
444 1749 545 1816 genus
559 1729 649 1814 quasi
667 1719 804 1796 materia
826 1733 876 1797 est
892 1752 986 1817 quam
1002 1730 1134 1797 inferius
1147 1733 1291 1817 quodque
1307 1731 1348 1797 ad

229 1918 233 1924 .
325 1838 500 1923 ‘quemdam
516 1837 613 1903 finem
628 1838 858 1916 accommodat,
871 1840 972 1908 donec
986 1839 1100 1908 ultima
1107 1840 1245 1908 addatur
1261 1838 1349 1906 diffe-

332 1947 448 2024 rentia,
468 1966 539 2032 quae
552 1947 690 2033 speciem
702 1947 878 2015 constituit.

377 2057 457 2122 Haec
480 2055 580 2143 igitur
604 2055 720 2140 speciei
744 2058 862 2122 natura
878 2077 918 2121 ex
934 2055 1079 2122 omnibus
1103 2055 1166 2122 illis
1185 2056 1349 2143 principiis

334 2185 405 2251 quae
421 2164 587 2250 proposita
602 2166 677 2229 sunt
693 2165 909 2248 consequitur,
930 2186 947 2229 e
960 2164 1102 2250 generali
1118 2165 1349 2252 exemplarium

334 2273 565 2360 descriptione,
592 2293 633 2338 ex
654 2270 778 2359 legibus
800 2273 1040 2358 quaeritalium
1063 2273 1349 2340 instrumentorum

335 2382 588 2470 dispositionem,
616 2384 789 2466 augmenta
811 2382 863 2448 uel
879 2377 1122 2459 deminutiones,
1146 2382 1351 2468 ponderatio·

334 2512 482 2577 nemque,
502 2495 535 2557 et
546 2491 722 2557 formarum
742 2491 775 2556 in
799 2490 1023 2576 progressione
1044 2475 1287 2558 continuitatem
1302 2512 1352 2556 re-

337 2606 435 2688 gunt,
462 2604 559 2700 atque
583 2601 617 2666 in
637 2600 748 2686 primis
765 2620 805 2664 ex
820 2598 904 2677 fluis,
923 2599 1170 2684 pulchritudinis
1187 2604 1282 2686 atque
1299 2603 1353 2685 op·
1452 2615 1456 2621 ·

336 2710 574 2786 timi.rati0ne;
589 2709 721 2794 ipsaque
744 2728 809 2774 non
831 2710 898 2773 tam
922 2706 1071 2801 habenda
1093 2712 1143 2776 est
1164 2713 1200 2775 ut
1221 2707 1353 2776 definita

336 2818 479 2886 omnium
494 2797 709 2884 membrorum
734 2818 898 2883 structura
913 2821 946 2884 et
960 2816 1076 2903 figura,
1096 2835 1191 2902 quarn
1205 2821 1242 2884 ut
1257 2837 1354 2883 causa

340 2930 374 2994 et
384 2927 433 2994 vis
448 2925 556 2993 vitalis
566 2945 637 3010 quae
648 2926 732 2992 hanc
742 2929 938 2992 structuram
954 2946 1012 3010 per
1023 2929 1112 2992 ratos
1128 2925 1273 3017 materiae
1288 2945 1354 2992 mo-

320 3051 322 3056 ’
338 3040 392 3103 tus
408 3040 441 3102 et
448 3034 751 3120 transfigurationes
766 3034 924 3100 adducere
940 3037 1057 3120 potest,
1078 3054 1210 3119 quaeque
1226 3034 1354 3101 omuino

340 3147 472 3234 cunctas
487 3143 564 3210 vitae
579 3141 721 3208 actiones
737 3141 834 3208 certis
849 3142 970 3207 normis
983 3141 1103 3228 dirigit.
1123 3144 1203 3209 Haec
1217 3163 1295 3208 uero
1307 3163 1356 3208 es-

342 3251 459 3328 sentia,
483 3250 510 3317 si
530 3249 698 3317 Aristoteli
720 3249 891 3324 credimus,
914 3249 1059 3335 quamuis
1081 3271 1127 3326 ex,
1137 3251 1246 3318 multis
1265 3237 1360 3316 diffe-'

342 3361 455 3429 rentiis
480 3364 513 3427 ct
533 3359 657 3446 legibus
677 3357 844 3436 confletur,
871 3358 1082 3426 indissolubili
1102 3359 1229 3426 uinculo
1250 3359 1357 3426 omnia

343 3471 400 3536 illa
414 3469 574 3536 elementa
593 3468 733 3555 colligat,
756 3470 851 3552 atque
870 3467 1071 3534 indivisibilis
1088 3467 1357 3553 immutabilisque

342 3583 462 3656 manet,
482 3599 502 3644 a
518 3577 653 3664 singulis
666 3577 893 3664 generantibus
910 3576 1066 3664 singulari
1081 3576 1163 3663 proli
1178 3576 1310 3654 tradita,
1325 3580 1359 3643 ct

344 3693 501 3757 aeternum
517 3687 577 3754 sibi
593 3687 718 3753 similis.

391 3799 461 3864 Hoc
476 3796 604 3883 quidem
618 3796 652 3863 in
670 3796 740 3862 loco
758 3794 904 3882 plurimae
924 3816 1009 3865 nunc
1031 3795 1262 3872 dubitationem
1277 3814 1359 3880 qua·

345 3908 416 3974 ium
444 3904 592 3974 enodatio
616 3906 650 3973 in
670 3905 890 3992 peripateticis
912 3905 1004 3972 libris
1025 3924 1092 3971 non
1107 3903 1280 3992 querenda
1294 3906 1356 4004 est.

382 4150 416 4217 tlt
436 4149 477 4206 De
488 4149 563 4220 part.
576 4145 664 4206 anim.
675 4149 711 4220 11,
726 4148 771 4205 lb.
