3134 4938
763 519 954 587 ...38.„.

345 663 489 750 quamvis
505 664 546 730 ad
559 665 780 752 quadrupedes
792 667 934 746 accedat,
945 672 987 744 ,et
999 669 1040 735 ad
1051 669 1224 736 volandum
1239 690 1304 738 non
1320 670 1363 738 sit
1432 669 1433 674 ’

344 776 451 859 aptus,
466 773 534 838 alas
550 777 672 852 tamen,
690 774 815 861 insigne
824 777 1105 863 necessariumque
1121 778 1155 844 in
1170 778 1364 847 avianum-

346 881 501 968 oriptione
525 882 731 960 elementum,
756 888 876 962 servat,
903 884 960 952 sed
986 885 1201 972 imperfectas,
1229 892 1263 955 et
1293 903 1364 974 quae

346 991 530 1058 currentem
545 993 673 1058 tautum
688 991 852 1078 adjurent.

391 1099 460 1166 Illae
492 1098 620 1183 quidem
647 1087 808 1186 generalis
837 1102 1062 1189 descriptionis
1092 1107 1202 1190 partes
1230 1125 1301 1190 quae
1332 1057 1397 1171 in·

227 1237 231 1242 ·
346 1207 535 1294 quibusdam
554 1208 718 1293 speciebus
740 1209 870 1276 inutiles
892 1210 985 1288 fiunt,
1008 1231 1095 1297 saepe
1113 1210 1286 1279 admodum
1308 1213 1366 1279 mi·

349 1317 416 1392 nui,
431 1317 538 1384 rarius
554 1317 683 1384 omnino
699 1318 882 1385 abolescere
898 1320 1012 1388 solent.
1034 1321 1135 1408 Talpa
1150 1322 1192 1388 ad
1207 1307 1367 1408 agendum

348 1425 383 1494 in
404 1424 547 1493 tenebris
569 1429 659 1504 nata,
677 1427 777 1492 oculis
798 1447 863 1493 uon
883 1432 980 1513 eget3
999 1429 1052 1514 qui
1074 1431 1183 1496 tamen
1208 1449 1228 1494 a
1250 1418 1369 1496 natura

349 1534 497 1601 animalis
515 1535 693 1601 uertebrati
716 1517 844 1602 omuino
864 1535 977 1602 abesse
995 1551 1060 1602 non
1076 1533 1222 1622 potuere.
1249 1520 1369 1605 Latent

350 1642 450 1728 igitur
461 1642 496 1708 in
510 1641 579 1728 ejus
599 1643 705 1729 capite
721 1639 844 1709 minimi
860 1644 963 1720 ocelli,
983 1643 1091 1710 omnia
1110 1644 1281 1725 elementa,
1301 1645 1378 1733 qui·x

351 1751 411 1818 bus
427 1750 461 1816 in
479 1750 606 1818 caeteris
626 1751 885 1838 quadrupedibus
904 1751 1097 1830 conflantur,
1122 1753 1320 1844 servantes(
1343 1755 1367 1846 ).

354 1859 518 1944 Similique
540 1861 634 1926 modo
654 1861 731 1938 lien,
757 1861 865 1946 quiin
889 1862 1158 1948 quadrupedibus,
1183 1862 1372 1950 quicumque

172 2018 177 2028 .
297 2023 298 2028 ,
353 1989 509 2036 mammas
530 1973 659 2056 gerunt,
679 1970 759 2036 satis
777 1957 916 2057 amplam
936 1969 1035 2036 habet
1050 1972 1235 2054 molem,in
1258 1971 1371 2038 avibus

354 2082 387 2145 et
398 2077 538 2163 piscibus
555 2078 745 2162 caeterisque
757 2079 897 2164 oviparis
910 2079 1071 2166 gradatim
1084 2079 1251 2171 decrescit,
1272 2079 1373 2170 donee

354 2191 447 2254 tanta
468 2187 511 2254 sit
533 2187 602 2274 ejus
624 2187 796 2274 exiguitas,
818 2190 855 2254 ut
879 2187 985 2255 nullus
1003 2188 1146 2273 profecto
1174 2209 1245 2256 esse
1271 2189 1373 2275 possit

355 2316 450 2373 usus;
463 2299 572 2362 manet
581 2300 703 2372 tamen,
715 2295 761 2361 ait
769 2294 962 2362 Aristoteles
975 2293 1022 2385 (2)
1030 2347 1037 2373 ,
1046 2297 1136 2381 quasi
1148 2301 1227 2364 nota
1235 2301 1268 2364 et
1279 2295 1375 2386 uesti-

355 2404 453 2490 gium,
473 2406 596 2491 σημείου
607 2401 724 2496 χάριν]

401 2612 459 2679 IV.
487 2611 550 2678 Sed
566 2611 642 2680 dum
663 2610 792 2698 singula
807 2610 959 2697 cujusque
975 2611 1135 2697 generalis
1152 2611 1376 2698 descriptionis

232 2744 236 2752 “
357 2721 518 2790 elementa
539 2720 586 2787 ita
602 2720 737 2786 diuersis
756 2719 790 2784 in
807 2717 973 2805 speciebus
991 2719 1195 2804 inaequaliter
1210 2719 1277 2786 sive
1293 2740 1377 2786 ores.-

357 2831 446 2908 cunt,
465 2829 533 2895 sive
552 2829 752 2906 minuuntur,
772 2831 862 2893 certa
882 2827 1008 2913 quidem
1028 2831 1155 2896 naturae
1170 2827 1242 2916 lege
1258 2829 1376 2896 consii-

357 2940 445 3006 tutos
460 2937 548 3004 intra
563 2937 643 3002 fines
660 2937 843 3003 continetur
857 2937 910 3002 hic
932 2940 1061 3010 auctus,
1081 2936 1127 3004 ita
1143 2940 1182 3030 ut
1198 2958 1264 3003 non
1282 2937 1378 3007 liceat

356 3046 455 3112 ullam
471 3048 597 3132 partem
612 3045 783 3130 insigniter
798 3065 955 3119 crescere,
972 3045 1047 3130 quin
1062 3045 1132 3112 haec
1147 3046 1377 3132 magnitudinis
1464 3067 1466 3070 ·

358 3153 498 3220 accessio
517 3153 650 3220 alterius
672 3153 775 3238 partis
792 3151 1008 3220 deminutione
1024 3158 1249 3239 compensetur
1263 3181 1270 3231 ;
1286 3155 1377 3240 quasi

360 3261 493 3328 definita
508 3265 694 3350 suppeteret
716 3259 962 3326 adstruendum
984 3261 1136 3347 cujusque
1153 3262 1271 3348 speciei
1297 3283 1376 3349 opus

331 3410 332 3413 =
358 3371 505 3438 materiae
527 3371 629 3456 copia,
647 3390 751 3455 ¹quam
781 3371 899 3460 natura
922 3370 975 3436 hic
1001 3373 1057 3436 aut
1078 3370 1144 3437 illic
1169 3370 1374 3456 impendere,

360 3479 488 3546 aliunde
512 3479 686 3546 detrahens
706 3476 789 3562 quod
807 3476 841 3542 in
863 3477 960 3544 aliam
980 3483 1106 3564 partem
1133 3478 1295 3556 adhibeat,
1320 3479 1388 3562 scd’

361 3587 410 3662 cui
435 3589 516 3672 nihil
540 3588 658 3654 addere
686 3585 788 3672 possit
815 3581 874 3674 (3).
907 3587 999 3654 Hanc
1022 3586 1226 3674 conspicuam
1250 3591 1376 3657 naturae

296 3851 297 3854 Ν
395 3811 428 3910 pi
448 3837 519 3896 ursi.
531 3835 632 3910 enlm,
647 3839 693 3908 ru,
708 3837 735 3896 8.
766 3799 771 3807 ’

397 3948 430 4012 (a)
452 3948 492 4002 be
504 3951 578 4018 part.
591 3945 693 4016 anim,
703 3945 752 4014 lll,
765 3947 791 4000 ἵ.

397 4057 430 4121 (3)
452 4057 597 4136 Πανταχοῦ
608 4051 659 4136 γὰρ
678 4051 820 4114 ἀποδίδωσι
835 4050 955 4112 latomo
978 4050 1100 4134 ἑτέρωθεν
1119 4050 1181 4133 πρὸς
1200 4049 1266 4110 ἄλλο
1288 4047 1376 4132 μόριον

362 4158 390 4236 (ἢ
406 4151 504 4237 φύσις).
519 4154 559 4210 De
574 4137 648 4225 pari.
664 4147 766 4221 anim.¹
785 4151 820 4220 ll,
836 4151 880 4206 lt.
