3134 4938
786 529 965 597 ...36-

366 675 540 747 nataarte,
558 676 595 741 ut
609 671 757 741 fodiendo
780 673 997 742 acuminatum
1014 674 1137 760 pariter
1161 674 1386 762 sorbendoque

367 779 546 849 fistulosum
563 786 660 850 esset.

412 890 524 975 Neque
536 889 642 957 minor
658 895 708 959 est
724 890 758 957 in
770 890 921 958 membris
938 891 1115 980 figurarum
1145 892 1293 960 mutatio.
1313 893 1391 968 Quae

367 998 401 1063 in
415 997 545 1065 homino
560 1019 674 1065 manus
691 1000 731 1066 ad
749 1000 939 1086 capiendum
948 1005 1076 1068 tantum
1091 1001 1191 1080 utilis,
1206 1002 1337 1088 paulum
1350 1002 1390 1068 ab

367 1100 540 1174 hadforma
554 1107 588 1174 in
605 1107 699 1174 simia
712 1106 849 1187 decedit,
868 1109 961 1202 utgad
984 1130 1130 1198 gressum
1157 1110 1251 1176 simul
1267 1129 1389 1176 accom-

350 1215 526 1294 modetur,
540 1215 610 1301 jam
624 1216 659 1282 in
677 1221 821 1284 ursoaut
833 1216 925 1284 leon‘e
944 1218 1017 1304 pedi
1037 1217 1172 1284 similior
1187 1216 1228 1285 ad
1240 1237 1386 1309 pugnan-

367 1321 442 1389 dum
458 1327 492 1391 et
506 1321 548 1390 ad
562 1323 754 1411 rapiendum
766 1323 871 1392 adhuc
887 1313 1033 1392 a'dhiberi
1046 1329 1152 1411 potest
1164 1323 1231 1416 (1),
1250 1325 1284 1393 in
1304 1325 1386 1394 bove

231 1467 234 1478 ·
367 1431 502 1517 deniqne
518 1435 575 1500 aut
590 1453 670 1518 equo
684 1433 841 1500 currendo
853 1436 981 1501 ta‘ntum
994 1437 1082 1520 apta,
1099 1434 1238 1522 speciem
1254 1435 1383 1502 omnino

367 1540 555 1607 dissimilem
570 1540 674 1610 induit
689 1569 697 1620 ;
715 1562 829 1628 rursus
841 1542 875 1610 in
883 1541 1123 1629 bespertilione,
1142 1543 1286 1628 quamvis
1298 1544 1383 1631 prio-

366 1669 441 1715 rem·
452 1653 649 1717 structuram
662 1671 809 1731 servans,
828 1651 870 1718 ad
885 1651 1058 1720 volandum
1073 1654 1235 1739 praetenta
1250 1652 1332 1739 pelle
1348 1653 1386 1720 fit

366 1756 493 1835 habilis,
512 1758 546 1826 in
561 1759 688 1826 balaena
712 1758 753 1827 ad
774 1759 964 1827 natandum.
983 1760 1035 1827 Ad
1061 1760 1133 1827 haec
1159 1763 1226 1826 tam
1257 1760 1385 1828 diversa

366 1887 512 1944 munera,
532 1871 628 1954 atque
640 1869 738 1935 etiam
754 1889 850 1954 quum
866 1869 967 1940 multo
983 1867 1087 1955 magis
1100 1869 1260 1956 sejunctas
1277 1869 1384 1937 avium

365 1979 400 2042 et
414 1976 549 2063 piscium
579 1977 825 2064 compositiones
846 1979 1004 2055 strueret,
1037 1997 1156 2043 novum
1186 1977 1382 2045 instrumen-

365 2087 435 2150 tum
445 2084 590 2171 corporis
605 2085 812 2172 descriptioni
822 2090 941 2154 natura
955 2107 1021 2152 non
1037 2084 1171 2164 addidit,
1191 2069 1381 2154 sedeornm-

366 2192 438 2259 dem
454 2192 685 2262 elementorum
700 2194 940 2280 proportionem
961 2197 994 2260 et
1017 2193 1154 2282 figuram
1169 2197 1296 2262 tantum
1311 2215 1380 2262 mu·
1475 2207 1477 2214 '
1555 2173 1556 2200 ³

365 2301 457 2370 tavit.

288 2408 295 2424 '
335 2420 338 2434 ’
409 2410 609 2502 Elephentus
632 2432 722 2489 vero,
745 2369 842 2496 quum
863 2411 903 2478 ob
923 2411 1086 2497 ingentem
1102 2410 1245 2497 corporis
1263 2411 1381 2480 molem

364 2515 424 2610 (2),
443 2541 546 2607 neque
573 2520 705 2607 pedibus
726 2519 767 2587 ad
783 2520 984 2607 capiendum,
1003 2522 1040 2585 ut
1055 2522 1166 2586 cetera
1181 2518 1294 2605 quibus
1310 2519 1380 2607 plu-

363 2650 417 2695 res
436 2629 538 2717 digiti,
557 2650 660 2715 neque
677 2650 732 2697 ore
748 2628 796 2696 uti
814 2634 935 2714 posset,
954 2627 1073 2718 augilio
1089 2627 1265 2697 incaeteris
1281 2628 1380 2695 inusi-

362 2741 432 2804 tato
451 2759 546 2826 egero
561 2738 754 2816 videbatur;
774 2737 857 2823 quod
872 2741 981 2804 tamen
998 2736 1066 2802 sine
1082 2734 1177 2803 ullius
1194 2736 1379 2804 adventitiae

361 2847 464 2932 partis
486 2847 668 2915 accessione
689 2846 718 2911 ei
739 2842 890 2931 suppetit.
916 2845 1014 2913 Naris
1035 2845 1131 2930 enim,
1156 2865 1227 2930 quae
1250 2844 1377 2912 caeteris

363 2954 619 3040 quadrupedibus
641 2954 683 3020 ed
705 2953 903 3020 odorandum
924 2957 957 3021 et
972 2953 1013 3020 ad
1041 2952 1227 3040 spirandum
1250 2957 1378 3021 tantum

361 3064 449 3132 utilis
465 3069 525 3143 est,
544 3064 578 3130 in
593 3064 753 3130 insuetam
768 3061 1022 3150 magnitudinem
1037 3061 1263 3147 insolitumque
1279 3061 1379 3129 robur

354 3143 482 3251 'efferim
502 3193 564 3257 qua
588 3171 680 3257 quasi
701 3191 798 3237 manu
818 3171 905 3237 cibos
927 3169 978 3236 vel
1002 3173 1113 3256 potum
1141 3170 1189 3237 ori
1212 3170 1376 3249 admovet,

360 3281 493 3348 arbores
521 3280 641 3359 evellit,
668 3280 823 3346 adversus
849 3279 960 3345 hostes
986 3282 1121 3366 pugnat,
1148 3281 1245 3364 atque
1276 3278 1373 3346 etiam
1476 3274 1481 3284 ’

360 3410 457 3476 quum
479 3391 644 3457 terrestre·
657 3388 752 3455 simul
768 3409 808 3460 ao
826 3387 970 3473 palustre
990 3387 1110 3453 animal
1126 3387 1159 3453 in
1175 3386 1266 3473 aquis
1291 3408 1376 3474 saepe

360 3497 467 3586 degat,
483 3518 585 3583 neque
597 3496 690 3563 facile
706 3497 809 3584 possit
824 3516 1001 3583 emergere,
1017 3517 1129 3563 narem
1144 3496 1377 3583 hanc'praelon·

359 3627 433 3695 gam
449 3627 546 3692 super
558 3625 657 3692 aquas
669 3606 821 3673 attollens
838 3605 986 3692 spiritum
997 3603 1118 3672 haurit.
1136 3604 1187 3671 Sic
1199 3624 1258 3691 pro
1271 3605 1377 3692 cujus·

358 3736 419 3802 que
440 3716 517 3784 vitae
542 3736 600 3783 usn
623 3715 708 3782 idem
732 3714 982 3784 instrumentum
1005 3713 1164 3801 insignem
1187 3712 1221 3780 in
1248 3713 1378 3782 modum

357 3829 495 3912 augetur
509 3829 565 3893 aut
580 3823 746 3892 minuitur.

394 4068 427 4138 tl)
447 4069 487 4125 De
500 4063 581 4139 ‘part
591 4065 692 4138 anim,
702 4067 748 4136 lv,
763 4067 808 4122 lb.

279 4151 285 4184 ⁸
393 4167 426 4235 (a)
445 4168 570 4238 nepam
588 4162 801 4237 anim.,u,1e.
