3134 4938
801 475 984 562 422-

358 657 365 672 ·
381 661 443 708 uec
455 637 581 706 facilior
595 655 708 706 eornm
721 637 906 706 distributio
917 665 927 716 ς
944 659 1025 724 quos
1035 643 1146 705 tamen
1159 643 1282 708 natura
1290 639 1330 705 in
1344 640 1414 706 duo
1540 633 1541 706 l

383 745 1416 836 magnageneradiridiposseridit;internameninrossinm

383 877 571 945 compagem
588 857 624 924 iu
644 855 758 924 alteris
783 855 890 943 spina,
911 856 947 924 iu
968 855 1082 926 alteris
1110 857 1308 945 cartilagine
1335 877 1416 924 cou-

383 971 494 1168 Ἥ
508 1073 599 1142 nulla
619 1074 655 1140 in
670 1073 767 1160 hujus
785 1074 897 1160 magni
912 1074 1020 1160 operis
1034 1078 1129 1160 parte
1143 1074 1248 1162 magis
1272 1075 1417 1141 eminuit
1540 1089 1541 1178 j

271 1197 275 1204 ’
385 1182 537 1272 preclari
557 1182 645 1249 illins
666 1182 886 1249 observatoris
910 1183 961 1250 ris
978 1183 1168 1269 indigebis,
1191 1204 1289 1270 quam
1313 1205 1416 1270 quum

386 1314 426 1360 ea
450 1291 660 1379 investigarit
677 1291 830 1358 animalia
851 1311 925 1376 quac
950 1283 1068 1386 maipa
1087 1295 1185 1359 vocat
1198 1319 1216 1381 ,³
1233 1311 1307 1378 qnae
1339 1296 1418 1378 post
1540 1343 1541 1390 3

386 1423 462 1469 eum
479 1399 534 1468 diu
547 1401 707 1488 neglecta,
725 1404 795 1467 et'a
817 1400 968 1468 Curierio
990 1406 1118 1468 tantum
1141 1401 1176 1466 in
1190 1421 1307 1468 verum
1325 1401 1417 1468 ordi·
1540 1403 1541 1492 ζ

386 1531 462 1578 nem
475 1511 640 1586 restituta,
662 1510 792 1597 egregie
809 1509 1038 1596 descripserat,
1054 1510 1142 1576 reris
1164 1508 1360 1576 differentiis
1382 1511 1418 1576 et

387 1618 652 1687 similitudinibus
666 1622 925 1705 comparaverat,
938 1620 973 1684 in
984 1619 1287 1705 genern'naturalia
1305 1617 1420 1684 distri·
1449 1684 1453 1690 ,
1511 1631 1515 1637 ·

386 1728 514 1796 buerat.
548 1727 691 1802 Quorum
721 1732 861 1812 quatuor
890 1726 1055 1814 praecipua
1084 1726 1259 1794 distinxit:
1285 1725 1413 1803 Mollia,
1540 1771 1541 1776 η

389 1836 576 1913 eructares,
590 1837 730 1913 insecta,
744 1837 911 1902 Testacea.
928 1907 932 1914 ,

433 1943 556 2021 Mollia,
575 1963 681 2030 graece
697 1943 835 2030 μαλάκια
855 1947 962 2020 vocat,
981 1964 1022 2009 ea
1040 1963 1112 2028 quae
1133 1963 1231 2021 nunc,
1250 1942 1292 2009 ob
1315 1943 1417 2030 pedes

389 2055 488 2140 caput
506 2051 754 2128 circumdantes,
784 2051 1012 2137 Cephalopoda
1032 2052 1253 2128 nominantur,
1275 2051 1416 2118 classem

390 2165 509 2228 natura
523 2161 663 2226 maxime
679 2160 967 2249 circumscriptam,
990 2160 1081 2246 cujus
1095 2160 1261 2246 praecipua
1276 2179 1413 2247 genera,

249 2319 255 2332 .
396 2269 530 2356 sepiam,
553 2267 729 2354 loliginem‚
758 2267 922 2356 polypum,
951 2274 1164 2354 argonautam
1193 2268 1342 2355 depinxit
1353 2266 1413 2357 (1).

362 2401 370 2409 ·
435 2376 622 2444 Aristotelis
633 2375 874 2468 μαλωιόπρακα
885 2376 1020 2442 latinum
1033 2379 1281 2445 Crustaceorum
1295 2393 1416 2444 nomen

391 2490 426 2554 et
448 2485 578 2554 eosdem
600 2483 669 2552 fere
695 2485 819 2552 limites
841 2485 946 2552 adhuc
974 2490 1106 2552 servant
1130 2483 1190 2576 (2).
1217 2485 1309 2552 Illius
1336 2503 1416 2552 vero

391 2608 502 2692 ἔντομα
516 2603 734 2670 recentiorum
748 2604 874 2671 insecta
888 2625 961 2670 cum
975 2601 1217 2690 centipedurum
1232 2607 1266 2670 et
1277 2621 1417 2670 aranea-

392 2743 465 2790 rum
488 2721 654 2808 speciebus
684 2721 934 2807 amplectuntur,
961 2742 1033 2808 quae
1057 2721 1184 2808 quidem
1205 2721 1277 2786 tria·
1292 2737 1418 2807 genera

393 2831 482 2898 iuter
495 2851 531 2897 se
546 2829 695 2917 proxima
709 2829 900 2916 cognatione
912 2831 1026 2917 juncta
1041 2834 1140 2906 sunt;
1158 2828 1304 2914 aquibus
1316 2828 1415 2895 etiam
1466 2912 1467 2922 ἵ
1540 2901 1541 2930 ¹

393 2939 524 3008 videtur
538 2958 604 3006 non
615 2937 803 3006 distinxisse
817 2959 945 3004 vermes
961 2935 1009 3027 (3)
1025 2964 1032 3004 :
1050 2936 1098 3004 ita
1111 2940 1159 3013 ut,
1177 2937 1263 3034 hauc
1278 2936 1415 3004 classem
1540 2931 1541 2952 ³

395 3049 423 3116 si
438 3047 615 3116 crustaoeis
635 3046 748 3124 addas,
766 3067 887 3132 magna
908 3046 965 3111 illa
990 3044 1190 3131 compleatur
1215 3045 1315 3111 series
1343 3063 1415 3130 quae

395 3158 633 3226 Annulatorum
653 3174 770 3222 nomen
794 3154 928 3239 accepit,
948 3173 1045 3238 quum
1067 3152 1102 3219 in
1123 3153 1163 3218 iis
1183 3173 1298 3240 corpus
1321 3151 1415 3239 quasi
1537 3231 1541 3238 ,ἵ

398 3288 439 3335 ex
453 3265 645 3334 annulorum
654 3263 740 3330 inter
755 3283 794 3329 se
803 3261 954 3328 similium
966 3265 1081 3330 catena
1092 3266 1241 3331 constare
1251 3261 1410 3329 videatur.

431 3483 466 3548 tlt
485 3479 557 3538 nist.
571 3475 662 3535 anim.
678 3478 725 3547 tv,
740 3477 768 3534 l.
784 3477 825 3532 lte
840 3478 915 3547 pert.
935 3473 1023 3532 anim·
1039 3477 1084 3547 tv,
1099 3477 1117 3532 5
1130 3481 1160 3532 ct
1173 3475 1201 3532 9.

430 3587 463 3659 tt)
480 3588 544 3644 Nou
554 3582 644 3654 enim,
658 3587 691 3638 ut
705 3579 905 3650 Pliniustttst.
916 3586 989 3649 nat„
1003 3579 1261 3652 tx‚bt‚cocbleas‚
1272 3578 1413 3654 pectinos.

395 3673 561 3737 coeteraque
578 3676 688 3736 genera
707 3659 869 3719 levioribus
882 3660 964 3718 testis
979 3660 1099 3732 intecta,
1118 3659 1196 3718 veris
1210 3659 1414 3729 crustumios

395 3752 503 3828 quibos
517 3755 622 3809 natura
637 3748 726 3822 longe
743 3748 862 3823 distant,
877 3747 1020 3824 adjungit,
1041 3749 1095 3808 sed
1114 3747 1144 3806 in
1159 3747 1297 3808 testaceis
1310 3760 1412 3808 nume·

394 3849 450 3913 rat,
466 3839 537 3898 Hist.
552 3836 641 3897 anim.
658 3841 704 3911 lv,
719 3843 747 3896 t.

431 3946 464 4017 (tl
482 3942 639 4003 Annelides
661 3943 817 4018 quasdam,
832 3959 907 4017 quas
929 3943 1144 4018 scolopendras
1164 3943 1293 4002 marinas
1317 3946 1411 4011 vocat,

395 4052 414 4095 a
428 4031 613 4094 terrestribus
627 4032 832 4108 scolopendris
841 4032 911 4096 dicit
920 4048 981 4092 non
995 4033 1122 4093 meltum
1139 4031 1267 4106 differre,
1281 4032 1351 4092 ttist.
1364 4045 1410 4088 so.

396 4127 433 4198 ll,
451 4126 497 4183 ll.
1116 4127 1121 4132 ’
