<?xml version="1.0" encoding="UTF-8"?>
<!DOCTYPE html PUBLIC "-//W3C//DTD XHTML 1.0 Transitional//EN"
    "http://www.w3.org/TR/xhtml1/DTD/xhtml1-transitional.dtd">
<html xmlns="http://www.w3.org/1999/xhtml" xml:lang="en" lang="en">
 <head>
  <title>
</title>
<meta http-equiv="Content-Type" content="text/html;charset=utf-8" />
  <meta name='ocr-system' content='tesseract 3.04.00' />
  <meta name='ocr-capabilities' content='ocr_page ocr_carea ocr_par ocr_line ocrx_word'/>
</head>
<body>
  <div class='ocr_page' id='page_1' title='image "./aristotelisphil00philgoog_0059.png"; bbox 0 0 3134 4938; ppageno 0'>
   <div class='ocr_carea' id='block_1_1' title="bbox 314 621 1435 1370">
    <p class='ocr_par' dir='ltr' id='par_1_1' title="bbox 314 621 1435 1370">
     <span class='ocr_line' id='line_1_1' title="bbox 355 621 1401 716; baseline -0.005 -18"><span class='ocrx_word' id='word_1_1' title='bbox 355 631 502 699; x_wconf 89' lang='lat' dir='ltr'>doctrina</span> <span class='ocrx_word' id='word_1_2' title='bbox 516 629 766 716; x_wconf 80' lang='lat' dir='ltr'>perfectissimus</span> <span class='ocrx_word' id='word_1_3' title='bbox 787 633 913 697; x_wconf 85' lang='lat' dir='ltr'>naturae</span> <span class='ocrx_word' id='word_1_4' title='bbox 929 629 1003 696; x_wconf 89' lang='lat' dir='ltr'><strong>finis</strong></span> <span class='ocrx_word' id='word_1_5' title='bbox 1019 654 1027 706; x_wconf 92' lang='lat'>;</span> <span class='ocrx_word' id='word_1_6' title='bbox 1049 628 1182 694; x_wconf 89' lang='lat' dir='ltr'>sednon</span> <span class='ocrx_word' id='word_1_7' title='bbox 1193 630 1320 694; x_wconf 85' lang='lat' dir='ltr'>tantum</span> <span class='ocrx_word' id='word_1_8' title='bbox 1336 629 1373 694; x_wconf 87' lang='lat' dir='ltr'>ut</span> <span class='ocrx_word' id='word_1_9' title='bbox 1398 621 1401 627; x_wconf 78' lang='grc'><strong>’</strong></span> 
     </span>
     <span class='ocr_line' id='line_1_2' title="bbox 357 733 1376 826; baseline -0.006 -21"><span class='ocrx_word' id='word_1_10' title='bbox 357 740 399 806; x_wconf 90' lang='lat' dir='ltr'>ad</span> <span class='ocrx_word' id='word_1_11' title='bbox 409 740 493 806; x_wconf 91' lang='lat' dir='ltr'>hanc</span> <span class='ocrx_word' id='word_1_12' title='bbox 509 759 667 805; x_wconf 90' lang='lat' dir='ltr'>summam</span> <span class='ocrx_word' id='word_1_13' title='bbox 682 738 818 805; x_wconf 90' lang='lat' dir='ltr'>formam</span> <span class='ocrx_word' id='word_1_14' title='bbox 833 733 1095 826; x_wconf 80' lang='lat' dir='ltr'>progrederetur,</span> <span class='ocrx_word' id='word_1_15' title='bbox 1113 740 1232 802; x_wconf 91' lang='lat' dir='ltr'>natura</span> <span class='ocrx_word' id='word_1_16' title='bbox 1248 734 1376 813; x_wconf 64' lang='lat' dir='ltr'>anima-¹</span> 
     </span>
     <span class='ocr_line' id='line_1_3' title="bbox 314 833 1435 935; baseline -0.004 -21"><span class='ocrx_word' id='word_1_17' title='bbox 314 839 316 846; x_wconf 58' lang='lat'><em>&#39;</em></span> <span class='ocrx_word' id='word_1_18' title='bbox 356 847 434 915; x_wconf 91' lang='lat' dir='ltr'>lium</span> <span class='ocrx_word' id='word_1_19' title='bbox 449 847 571 935; x_wconf 90' lang='lat' dir='ltr'>figuras</span> <span class='ocrx_word' id='word_1_20' title='bbox 592 848 753 934; x_wconf 77' lang='lat' dir='ltr'>gradatim</span> <span class='ocrx_word' id='word_1_21' title='bbox 777 847 915 914; x_wconf 86' lang='lat' dir='ltr'>mutavit</span> <span class='ocrx_word' id='word_1_22' title='bbox 935 871 941 912; x_wconf 93' lang='lat'>:</span> <span class='ocrx_word' id='word_1_23' title='bbox 963 845 1151 932; x_wconf 81' lang='lat' dir='ltr'>ubicumque</span> <span class='ocrx_word' id='word_1_24' title='bbox 1168 844 1271 931; x_wconf 89' lang='lat' dir='ltr'>major</span> <span class='ocrx_word' id='word_1_25' title='bbox 1291 841 1373 910; x_wconf 90' lang='lat' dir='ltr'>effici</span> <span class='ocrx_word' id='word_1_26' title='bbox 1433 833 1435 840; x_wconf 56' lang='lat'><em>&#39;</em></span> 
     </span>
     <span class='ocr_line' id='line_1_4' title="bbox 354 953 1372 1043; baseline -0.004 -21"><span class='ocrx_word' id='word_1_27' title='bbox 354 956 459 1043; x_wconf 89' lang='lat' dir='ltr'>potuit</span> <span class='ocrx_word' id='word_1_28' title='bbox 474 957 508 1022; x_wconf 91' lang='lat' dir='ltr'>in</span> <span class='ocrx_word' id='word_1_29' title='bbox 522 957 599 1032; x_wconf 84' lang='lat' dir='ltr'>vitae</span> <span class='ocrx_word' id='word_1_30' title='bbox 614 955 799 1023; x_wconf 89' lang='lat' dir='ltr'>muneribus</span> <span class='ocrx_word' id='word_1_31' title='bbox 814 955 968 1035; x_wconf 83' lang='lat' dir='ltr'>uarietas,</span> <span class='ocrx_word' id='word_1_32' title='bbox 983 955 1030 1021; x_wconf 87' lang='lat' dir='ltr'>ita</span> <span class='ocrx_word' id='word_1_33' title='bbox 1044 975 1160 1040; x_wconf 89' lang='lat' dir='ltr'>corpus</span> <span class='ocrx_word' id='word_1_34' title='bbox 1171 953 1287 1041; x_wconf 90' lang='lat' dir='ltr'>majori</span> <span class='ocrx_word' id='word_1_35' title='bbox 1298 973 1372 1039; x_wconf 92' lang='lat' dir='ltr'>par-</span> 
     </span>
     <span class='ocr_line' id='line_1_5' title="bbox 356 1053 1371 1152; baseline -0.007 -18"><span class='ocrx_word' id='word_1_36' title='bbox 356 1066 436 1134; x_wconf 90' lang='lat' dir='ltr'>tium</span> <span class='ocrx_word' id='word_1_37' title='bbox 458 1066 545 1133; x_wconf 91' lang='lat' dir='ltr'>inter</span> <span class='ocrx_word' id='word_1_38' title='bbox 572 1087 606 1132; x_wconf 91' lang='lat' dir='ltr'>se</span> <span class='ocrx_word' id='word_1_39' title='bbox 623 1064 838 1133; x_wconf 87' lang='lat' dir='ltr'>differentium</span> <span class='ocrx_word' id='word_1_40' title='bbox 869 1065 961 1152; x_wconf 89' lang='lat' dir='ltr'>copia</span> <span class='ocrx_word' id='word_1_41' title='bbox 984 1054 1175 1134; x_wconf 84' lang='lat' dir='ltr'>instructum</span> <span class='ocrx_word' id='word_1_42' title='bbox 1200 1066 1269 1140; x_wconf 88' lang='lat' dir='ltr'>est;</span> <span class='ocrx_word' id='word_1_43' title='bbox 1288 1053 1371 1128; x_wconf 89' lang='lat' dir='ltr'>unde&#39;</span> 
     </span>
     <span class='ocr_line' id='line_1_6' title="bbox 356 1157 1371 1261; baseline -0.003 -21"><span class='ocrx_word' id='word_1_44' title='bbox 356 1173 529 1260; x_wconf 80' lang='lat' dir='ltr'>perfectior</span> <span class='ocrx_word' id='word_1_45' title='bbox 551 1174 673 1260; x_wconf 88' lang='lat' dir='ltr'>species</span> <span class='ocrx_word' id='word_1_46' title='bbox 689 1201 697 1251; x_wconf 92' lang='lat'>;</span> <span class='ocrx_word' id='word_1_47' title='bbox 720 1175 766 1240; x_wconf 91' lang='lat' dir='ltr'>sic</span> <span class='ocrx_word' id='word_1_48' title='bbox 785 1174 925 1241; x_wconf 84' lang='lat' dir='ltr'>diuinam</span> <span class='ocrx_word' id='word_1_49' title='bbox 944 1193 1039 1261; x_wconf 90' lang='lat' dir='ltr'>apum</span> <span class='ocrx_word' id='word_1_50' title='bbox 1061 1157 1212 1240; x_wconf 80' lang='lat' dir='ltr'>naturam</span> <span class='ocrx_word' id='word_1_51' title='bbox 1231 1169 1371 1258; x_wconf 86' lang='lat' dir='ltr'>philoso-</span> 
     </span>
     <span class='ocr_line' id='line_1_7' title="bbox 356 1282 1157 1370; baseline -0.001 -21"><span class='ocrx_word' id='word_1_52' title='bbox 356 1284 443 1370; x_wconf 90' lang='lat' dir='ltr'>phus·</span> <span class='ocrx_word' id='word_1_53' title='bbox 455 1283 512 1362; x_wconf 89' lang='lat' dir='ltr'>ait,</span> <span class='ocrx_word' id='word_1_54' title='bbox 532 1303 604 1370; x_wconf 87' lang='lat' dir='ltr'>quae</span> <span class='ocrx_word' id='word_1_55' title='bbox 619 1286 707 1350; x_wconf 88' lang='lat' dir='ltr'>certe</span> <span class='ocrx_word' id='word_1_56' title='bbox 723 1283 763 1350; x_wconf 89' lang='lat' dir='ltr'>ab</span> <span class='ocrx_word' id='word_1_57' title='bbox 775 1284 916 1351; x_wconf 90' lang='lat' dir='ltr'>humana</span> <span class='ocrx_word' id='word_1_58' title='bbox 932 1282 1157 1364; x_wconf 80' lang='lat' dir='ltr'>remotissima.</span> 
     </span>
    </p>
   </div>
   <div class='ocr_carea' id='block_1_2' title="bbox 273 1489 1421 4188">
    <p class='ocr_par' dir='ltr' id='par_1_2' title="bbox 273 1489 1421 3298">
     <span class='ocr_line' id='line_1_8' title="bbox 273 1489 1371 1582; baseline -0.003 -23"><span class='ocrx_word' id='word_1_59' title='bbox 273 1563 284 1582; x_wconf 57' lang='lat'>„</span> <span class='ocrx_word' id='word_1_60' title='bbox 401 1492 459 1559; x_wconf 90' lang='lat' dir='ltr'>Vl.</span> <span class='ocrx_word' id='word_1_61' title='bbox 485 1490 734 1559; x_wconf 77' lang='lat' dir='ltr'>Atintermulta</span> <span class='ocrx_word' id='word_1_62' title='bbox 746 1493 778 1556; x_wconf 86' lang='lat' dir='ltr'>et</span> <span class='ocrx_word' id='word_1_63' title='bbox 790 1489 1006 1577; x_wconf 86' lang='lat' dir='ltr'>pulcherrima</span> <span class='ocrx_word' id='word_1_64' title='bbox 1019 1492 1146 1556; x_wconf 88' lang='lat' dir='ltr'>naturae</span> <span class='ocrx_word' id='word_1_65' title='bbox 1158 1491 1284 1558; x_wconf 87' lang='lat' dir='ltr'>secreta</span> <span class='ocrx_word' id='word_1_66' title='bbox 1300 1503 1371 1574; x_wconf 83' lang='lat' dir='ltr'>quae</span> 
     </span>
     <span class='ocr_line' id='line_1_9' title="bbox 357 1596 1372 1686; baseline -0.003 -21"><span class='ocrx_word' id='word_1_67' title='bbox 357 1600 573 1666; x_wconf 76' lang='lat' dir='ltr'>recentiorum</span> <span class='ocrx_word' id='word_1_68' title='bbox 588 1599 846 1686; x_wconf 76' lang='lat' dir='ltr'>indagationibus</span> <span class='ocrx_word' id='word_1_69' title='bbox 858 1599 891 1665; x_wconf 93' lang='lat' dir='ltr'>in</span> <span class='ocrx_word' id='word_1_70' title='bbox 907 1599 1046 1666; x_wconf 91' lang='lat' dir='ltr'>medium</span> <span class='ocrx_word' id='word_1_71' title='bbox 1058 1599 1185 1685; x_wconf 87' lang='lat' dir='ltr'>prolata</span> <span class='ocrx_word' id='word_1_72' title='bbox 1194 1601 1281 1676; x_wconf 88' lang='lat' dir='ltr'>sunt,</span> <span class='ocrx_word' id='word_1_73' title='bbox 1295 1596 1372 1664; x_wconf 90' lang='lat' dir='ltr'>illud</span> 
     </span>
     <span class='ocr_line' id='line_1_10' title="bbox 356 1706 1372 1795; baseline -0.002 -21"><span class='ocrx_word' id='word_1_74' title='bbox 356 1708 498 1795; x_wconf 86' lang='lat' dir='ltr'>profecto</span> <span class='ocrx_word' id='word_1_75' title='bbox 510 1709 651 1775; x_wconf 85' lang='lat' dir='ltr'>maxima</span> <span class='ocrx_word' id='word_1_76' title='bbox 662 1708 874 1776; x_wconf 86' lang='lat' dir='ltr'>admiratione</span> <span class='ocrx_word' id='word_1_77' title='bbox 890 1707 1022 1795; x_wconf 90' lang='lat' dir='ltr'>dignum</span> <span class='ocrx_word' id='word_1_78' title='bbox 1041 1733 1048 1772; x_wconf 76' lang='grc' dir='ltr'><strong><em>ε</em></strong></span> <span class='ocrx_word' id='word_1_79' title='bbox 1067 1706 1372 1794; x_wconf 85' lang='lat' dir='ltr'>perfectissimorum</span> 
     </span>
     <span class='ocr_line' id='line_1_11' title="bbox 357 1813 1371 1904; baseline -0.002 -20"><span class='ocrx_word' id='word_1_80' title='bbox 357 1818 543 1884; x_wconf 78' lang='lat' dir='ltr'>animalium</span> <span class='ocrx_word' id='word_1_81' title='bbox 558 1817 593 1883; x_wconf 89' lang='lat' dir='ltr'>in</span> <span class='ocrx_word' id='word_1_82' title='bbox 608 1817 816 1904; x_wconf 83' lang='lat' dir='ltr'>generatione</span> <span class='ocrx_word' id='word_1_83' title='bbox 828 1817 946 1884; x_wconf 90' lang='lat' dir='ltr'>multas</span> <span class='ocrx_word' id='word_1_84' title='bbox 959 1815 1109 1902; x_wconf 87' lang='lat' dir='ltr'>deinceps</span> <span class='ocrx_word' id='word_1_85' title='bbox 1118 1835 1275 1902; x_wconf 88' lang='lat' dir='ltr'>apparere</span> <span class='ocrx_word' id='word_1_86' title='bbox 1290 1813 1371 1902; x_wconf 78' lang='lat' dir='ltr'>figu-</span> 
     </span>
     <span class='ocr_line' id='line_1_12' title="bbox 357 1917 1371 2013; baseline -0.004 -19"><span class='ocrx_word' id='word_1_87' title='bbox 357 1948 411 1994; x_wconf 88' lang='lat' dir='ltr'>ras</span> <span class='ocrx_word' id='word_1_88' title='bbox 427 1927 518 2012; x_wconf 82' lang='lat' dir='ltr'>quasi</span> <span class='ocrx_word' id='word_1_89' title='bbox 534 1927 702 1994; x_wconf 84' lang='lat' dir='ltr'>inchoatas</span> <span class='ocrx_word' id='word_1_90' title='bbox 727 1930 761 1993; x_wconf 83' lang='lat' dir='ltr'>ct</span> <span class='ocrx_word' id='word_1_91' title='bbox 781 1917 851 2013; x_wconf 81' lang='lat' dir='ltr'>quoe</span> <span class='ocrx_word' id='word_1_92' title='bbox 872 1941 948 1992; x_wconf 84' lang='lat' dir='ltr'>mox</span> <span class='ocrx_word' id='word_1_93' title='bbox 962 1927 997 1992; x_wconf 93' lang='lat' dir='ltr'>in</span> <span class='ocrx_word' id='word_1_94' title='bbox 1014 1925 1095 1992; x_wconf 89' lang='lat' dir='ltr'>alias</span> <span class='ocrx_word' id='word_1_95' title='bbox 1118 1925 1277 2013; x_wconf 86' lang='lat' dir='ltr'>gradatim</span> <span class='ocrx_word' id='word_1_96' title='bbox 1298 1944 1371 2010; x_wconf 88' lang='lat' dir='ltr'>per·</span> 
     </span>
     <span class='ocr_line' id='line_1_13' title="bbox 356 2032 1421 2120; baseline -0.005 -18"><span class='ocrx_word' id='word_1_97' title='bbox 356 2035 505 2102; x_wconf 81' lang='lat' dir='ltr'>lectiores</span> <span class='ocrx_word' id='word_1_98' title='bbox 531 2035 695 2102; x_wconf 86' lang='lat' dir='ltr'>mutandae</span> <span class='ocrx_word' id='word_1_99' title='bbox 715 2034 791 2112; x_wconf 88' lang='lat' dir='ltr'>sint,</span> <span class='ocrx_word' id='word_1_100' title='bbox 816 2035 873 2102; x_wconf 92' lang='lat' dir='ltr'>sed</span> <span class='ocrx_word' id='word_1_101' title='bbox 895 2055 966 2120; x_wconf 89' lang='lat' dir='ltr'>quae</span> <span class='ocrx_word' id='word_1_102' title='bbox 987 2033 1175 2101; x_wconf 85' lang='lat' dir='ltr'>inferiorum</span> <span class='ocrx_word' id='word_1_103' title='bbox 1194 2032 1371 2120; x_wconf 82' lang='lat' dir='ltr'>specierum</span> <span class='ocrx_word' id='word_1_104' title='bbox 1418 2059 1421 2072; x_wconf 91' lang='lat'>·</span> 
     </span>
     <span class='ocr_line' id='line_1_14' title="bbox 356 2143 1371 2230; baseline -0.003 -19"><span class='ocrx_word' id='word_1_105' title='bbox 356 2144 484 2211; x_wconf 86' lang='lat' dir='ltr'>adultas</span> <span class='ocrx_word' id='word_1_106' title='bbox 511 2143 630 2210; x_wconf 88' lang='lat' dir='ltr'>formas</span> <span class='ocrx_word' id='word_1_107' title='bbox 653 2144 840 2222; x_wconf 86' lang='lat' dir='ltr'>imitentur;</span> <span class='ocrx_word' id='word_1_108' title='bbox 859 2165 898 2210; x_wconf 92' lang='lat' dir='ltr'>ea</span> <span class='ocrx_word' id='word_1_109' title='bbox 921 2143 1022 2230; x_wconf 89' lang='lat' dir='ltr'>igitur</span> <span class='ocrx_word' id='word_1_110' title='bbox 1042 2143 1210 2221; x_wconf 82' lang='lat' dir='ltr'>animalia,</span> <span class='ocrx_word' id='word_1_111' title='bbox 1237 2155 1371 2228; x_wconf 89' lang='lat' dir='ltr'>quorum</span> 
     </span>
     <span class='ocr_line' id='line_1_15' title="bbox 357 2250 1374 2340; baseline -0.005 -20"><span class='ocrx_word' id='word_1_112' title='bbox 357 2263 473 2340; x_wconf 85' lang='lat' dir='ltr'>corpus</span> <span class='ocrx_word' id='word_1_113' title='bbox 489 2253 663 2340; x_wconf 86' lang='lat' dir='ltr'>simplicius</span> <span class='ocrx_word' id='word_1_114' title='bbox 679 2256 764 2320; x_wconf 83' lang='lat' dir='ltr'>etex</span> <span class='ocrx_word' id='word_1_115' title='bbox 779 2252 982 2339; x_wconf 89' lang='lat' dir='ltr'>paucioribus</span> <span class='ocrx_word' id='word_1_116' title='bbox 998 2257 1054 2320; x_wconf 87' lang='lat' dir='ltr'>aut</span> <span class='ocrx_word' id='word_1_117' title='bbox 1068 2252 1155 2319; x_wconf 90' lang='lat' dir='ltr'>inter</span> <span class='ocrx_word' id='word_1_118' title='bbox 1167 2273 1201 2319; x_wconf 91' lang='lat' dir='ltr'>se</span> <span class='ocrx_word' id='word_1_119' title='bbox 1213 2250 1374 2319; x_wconf 89' lang='lat' dir='ltr'>similiori-</span> 
     </span>
     <span class='ocr_line' id='line_1_16' title="bbox 355 2359 1372 2448; baseline -0.004 -20"><span class='ocrx_word' id='word_1_120' title='bbox 355 2363 416 2430; x_wconf 90' lang='lat' dir='ltr'>bus</span> <span class='ocrx_word' id='word_1_121' title='bbox 440 2363 606 2429; x_wconf 88' lang='lat' dir='ltr'>elementis</span> <span class='ocrx_word' id='word_1_122' title='bbox 633 2365 771 2439; x_wconf 85' lang='lat' dir='ltr'>constat,</span> <span class='ocrx_word' id='word_1_123' title='bbox 803 2361 893 2448; x_wconf 88' lang='lat' dir='ltr'>quasi</span> <span class='ocrx_word' id='word_1_124' title='bbox 918 2360 1079 2448; x_wconf 87' lang='lat' dir='ltr'>juniorem</span> <span class='ocrx_word' id='word_1_125' title='bbox 1104 2364 1224 2428; x_wconf 89' lang='lat' dir='ltr'>statum</span> <span class='ocrx_word' id='word_1_126' title='bbox 1250 2359 1372 2426; x_wconf 85' lang='lat' dir='ltr'>referre</span> 
     </span>
     <span class='ocr_line' id='line_1_17' title="bbox 357 2463 1372 2564; baseline -0.005 -27"><span class='ocrx_word' id='word_1_127' title='bbox 357 2492 468 2544; x_wconf 87' lang='lat' dir='ltr'>eorum</span> <span class='ocrx_word' id='word_1_128' title='bbox 484 2483 617 2564; x_wconf 88' lang='lat' dir='ltr'>quorum</span> <span class='ocrx_word' id='word_1_129' title='bbox 631 2475 740 2558; x_wconf 87' lang='lat' dir='ltr'>partes</span> <span class='ocrx_word' id='word_1_130' title='bbox 751 2471 820 2558; x_wconf 74' lang='lat' dir='ltr'>Jam</span> <span class='ocrx_word' id='word_1_131' title='bbox 835 2471 944 2556; x_wconf 87' lang='lat' dir='ltr'>plures</span> <span class='ocrx_word' id='word_1_132' title='bbox 961 2475 994 2538; x_wconf 87' lang='lat' dir='ltr'>et</span> <span class='ocrx_word' id='word_1_133' title='bbox 1008 2470 1042 2537; x_wconf 93' lang='lat' dir='ltr'>in</span> <span class='ocrx_word' id='word_1_134' title='bbox 1058 2469 1180 2556; x_wconf 89' lang='lat' dir='ltr'>figuras</span> <span class='ocrx_word' id='word_1_135' title='bbox 1199 2467 1303 2555; x_wconf 82' lang='lat' dir='ltr'>magis</span> <span class='ocrx_word' id='word_1_136' title='bbox 1324 2463 1372 2533; x_wconf 82' lang='lat' dir='ltr'>di-</span> 
     </span>
     <span class='ocr_line' id='line_1_18' title="bbox 358 2577 1373 2666; baseline -0.005 -19"><span class='ocrx_word' id='word_1_137' title='bbox 358 2591 469 2647; x_wconf 80' lang='lat' dir='ltr'>versas</span> <span class='ocrx_word' id='word_1_138' title='bbox 489 2584 615 2658; x_wconf 87' lang='lat' dir='ltr'>auctee;</span> <span class='ocrx_word' id='word_1_139' title='bbox 634 2579 717 2666; x_wconf 89' lang='lat' dir='ltr'>quod</span> <span class='ocrx_word' id='word_1_140' title='bbox 733 2579 767 2646; x_wconf 92' lang='lat' dir='ltr'>in</span> <span class='ocrx_word' id='word_1_141' title='bbox 786 2579 839 2644; x_wconf 85' lang='lat' dir='ltr'>his</span> <span class='ocrx_word' id='word_1_142' title='bbox 853 2578 895 2646; x_wconf 94' lang='lat' dir='ltr'>ad</span> <span class='ocrx_word' id='word_1_143' title='bbox 910 2579 1008 2645; x_wconf 87' lang='lat' dir='ltr'>breue</span> <span class='ocrx_word' id='word_1_144' title='bbox 1034 2581 1161 2664; x_wconf 88' lang='lat' dir='ltr'>tempus</span> <span class='ocrx_word' id='word_1_145' title='bbox 1188 2577 1323 2662; x_wconf 87' lang='lat' dir='ltr'>apparet</span> <span class='ocrx_word' id='word_1_146' title='bbox 1358 2577 1373 2641; x_wconf 95' lang='lat' dir='ltr'>t</span> 
     </span>
     <span class='ocr_line' id='line_1_19' title="bbox 358 2683 1374 2774; baseline -0.006 -20"><span class='ocrx_word' id='word_1_147' title='bbox 358 2709 432 2755; x_wconf 84' lang='lat' dir='ltr'>mox</span> <span class='ocrx_word' id='word_1_148' title='bbox 452 2688 629 2767; x_wconf 78' lang='lat' dir='ltr'>evanescit,</span> <span class='ocrx_word' id='word_1_149' title='bbox 652 2688 684 2754; x_wconf 90' lang='lat' dir='ltr'>id</span> <span class='ocrx_word' id='word_1_150' title='bbox 701 2687 734 2754; x_wconf 92' lang='lat' dir='ltr'>in</span> <span class='ocrx_word' id='word_1_151' title='bbox 754 2687 818 2754; x_wconf 88' lang='lat' dir='ltr'>illis</span> <span class='ocrx_word' id='word_1_152' title='bbox 839 2707 1048 2774; x_wconf 88' lang='lat' dir='ltr'>permanere;</span> <span class='ocrx_word' id='word_1_153' title='bbox 1070 2687 1118 2753; x_wconf 86' lang='lat' dir='ltr'>ita</span> <span class='ocrx_word' id='word_1_154' title='bbox 1133 2688 1184 2762; x_wconf 86' lang='lat' dir='ltr'>ut,</span> <span class='ocrx_word' id='word_1_155' title='bbox 1209 2684 1235 2750; x_wconf 88' lang='lat' dir='ltr'>si</span> <span class='ocrx_word' id='word_1_156' title='bbox 1255 2683 1325 2750; x_wconf 84' lang='lat' dir='ltr'>haec</span> <span class='ocrx_word' id='word_1_157' title='bbox 1340 2683 1374 2750; x_wconf 89' lang='lat' dir='ltr'>in</span> 
     </span>
     <span class='ocr_line' id='line_1_20' title="bbox 358 2791 1377 2884; baseline -0.006 -20"><span class='ocrx_word' id='word_1_158' title='bbox 358 2796 495 2883; x_wconf 87' lang='lat' dir='ltr'>quodam</span> <span class='ocrx_word' id='word_1_159' title='bbox 506 2797 601 2884; x_wconf 91' lang='lat' dir='ltr'>hujus</span> <span class='ocrx_word' id='word_1_160' title='bbox 613 2797 773 2864; x_wconf 86' lang='lat' dir='ltr'>continuae</span> <span class='ocrx_word' id='word_1_161' title='bbox 786 2814 827 2862; x_wconf 84' lang='lat' dir='ltr'>ex</span> <span class='ocrx_word' id='word_1_162' title='bbox 839 2817 898 2863; x_wconf 91' lang='lat' dir='ltr'>ovo</span> <span class='ocrx_word' id='word_1_163' title='bbox 915 2795 1106 2863; x_wconf 90' lang='lat' dir='ltr'>evolutionis</span> <span class='ocrx_word' id='word_1_164' title='bbox 1120 2793 1222 2882; x_wconf 85' lang='lat' dir='ltr'>gradu</span> <span class='ocrx_word' id='word_1_165' title='bbox 1238 2791 1377 2858; x_wconf 72' lang='lat' dir='ltr'>inhibita</span> 
     </span>
     <span class='ocr_line' id='line_1_21' title="bbox 359 2897 1375 2993; baseline -0.003 -22"><span class='ocrx_word' id='word_1_166' title='bbox 359 2905 463 2993; x_wconf 89' lang='lat' dir='ltr'>fingas</span> <span class='ocrx_word' id='word_1_167' title='bbox 480 2910 523 2984; x_wconf 89' lang='lat' dir='ltr'>et,</span> <span class='ocrx_word' id='word_1_168' title='bbox 539 2905 707 2990; x_wconf 88' lang='lat' dir='ltr'>quominus</span> <span class='ocrx_word' id='word_1_169' title='bbox 722 2903 809 2972; x_wconf 87' lang='lat' dir='ltr'>ultra</span> <span class='ocrx_word' id='word_1_170' title='bbox 821 2907 980 2980; x_wconf 87' lang='lat' dir='ltr'>crescant,</span> <span class='ocrx_word' id='word_1_171' title='bbox 997 2901 1169 2989; x_wconf 88' lang='lat' dir='ltr'>impedita,</span> <span class='ocrx_word' id='word_1_172' title='bbox 1187 2899 1293 2986; x_wconf 87' lang='lat' dir='ltr'>aliqua</span> <span class='ocrx_word' id='word_1_173' title='bbox 1308 2897 1375 2969; x_wconf 81' lang='lat' dir='ltr'>lare</span> 
     </span>
     <span class='ocr_line' id='line_1_22' title="bbox 359 2999 1373 3098; baseline -0.004 -19"><span class='ocrx_word' id='word_1_174' title='bbox 359 3013 516 3082; x_wconf 87' lang='lat' dir='ltr'>efficiatur</span> <span class='ocrx_word' id='word_1_175' title='bbox 537 3013 665 3080; x_wconf 89' lang='lat' dir='ltr'>illarum</span> <span class='ocrx_word' id='word_1_176' title='bbox 692 2999 878 3079; x_wconf 86' lang='lat' dir='ltr'>inferiorum</span> <span class='ocrx_word' id='word_1_177' title='bbox 901 3012 1079 3098; x_wconf 87' lang='lat' dir='ltr'>specierum</span> <span class='ocrx_word' id='word_1_178' title='bbox 1102 3010 1216 3085; x_wconf 82' lang='lat' dir='ltr'>forma,</span> <span class='ocrx_word' id='word_1_179' title='bbox 1236 3029 1373 3096; x_wconf 74' lang='lat' dir='ltr'>praeser-</span> 
     </span>
     <span class='ocr_line' id='line_1_23' title="bbox 357 3119 1370 3208; baseline -0.002 -20"><span class='ocrx_word' id='word_1_180' title='bbox 357 3123 478 3208; x_wconf 86' lang='lat' dir='ltr'>timque</span> <span class='ocrx_word' id='word_1_181' title='bbox 493 3143 604 3188; x_wconf 88' lang='lat' dir='ltr'>earum</span> <span class='ocrx_word' id='word_1_182' title='bbox 620 3141 691 3208; x_wconf 84' lang='lat' dir='ltr'>quae</span> <span class='ocrx_word' id='word_1_183' title='bbox 708 3121 742 3191; x_wconf 91' lang='lat' dir='ltr'>iu</span> <span class='ocrx_word' id='word_1_184' title='bbox 757 3120 898 3206; x_wconf 87' lang='lat' dir='ltr'>antiquis</span> <span class='ocrx_word' id='word_1_185' title='bbox 911 3124 1008 3187; x_wconf 83' lang='lat' dir='ltr'>terrae</span> <span class='ocrx_word' id='word_1_186' title='bbox 1021 3119 1171 3188; x_wconf 76' lang='lat' dir='ltr'>aetatibus</span> <span class='ocrx_word' id='word_1_187' title='bbox 1187 3122 1268 3186; x_wconf 85' lang='lat' dir='ltr'>ortae</span> <span class='ocrx_word' id='word_1_188' title='bbox 1284 3121 1370 3196; x_wconf 83' lang='lat' dir='ltr'>aunt,</span> 
     </span>
     <span class='ocr_line' id='line_1_24' title="bbox 358 3230 762 3298; baseline -0.005 0"><span class='ocrx_word' id='word_1_189' title='bbox 358 3247 444 3298; x_wconf 89' lang='lat' dir='ltr'>nuno</span> <span class='ocrx_word' id='word_1_190' title='bbox 459 3236 567 3298; x_wconf 87' lang='lat' dir='ltr'>autem</span> <span class='ocrx_word' id='word_1_191' title='bbox 582 3230 762 3298; x_wconf 83' lang='lat' dir='ltr'>exstinctae.</span> 
     </span>
    </p>

    <p class='ocr_par' dir='ltr' id='par_1_3' title="bbox 358 3329 1374 4188">
     <span class='ocr_line' id='line_1_25' title="bbox 404 3329 1374 3426; baseline -0.005 -19"><span class='ocrx_word' id='word_1_192' title='bbox 404 3338 501 3426; x_wconf 81' lang='lat' dir='ltr'>Cujus</span> <span class='ocrx_word' id='word_1_193' title='bbox 526 3329 760 3426; x_wconf 83' lang='lat' dir='ltr'>progressionis</span> <span class='ocrx_word' id='word_1_194' title='bbox 790 3337 943 3424; x_wconf 86' lang='lat' dir='ltr'>pleraque</span> <span class='ocrx_word' id='word_1_195' title='bbox 970 3337 1137 3405; x_wconf 87' lang='lat' dir='ltr'>elementa.</span> <span class='ocrx_word' id='word_1_196' title='bbox 1155 3338 1188 3402; x_wconf 93' lang='lat' dir='ltr'>in</span> <span class='ocrx_word' id='word_1_197' title='bbox 1219 3334 1374 3422; x_wconf 78' lang='lat' dir='ltr'>proximis</span> 
     </span>
     <span class='ocr_line' id='line_1_26' title="bbox 358 3442 1371 3534; baseline -0.007 -18"><span class='ocrx_word' id='word_1_198' title='bbox 358 3449 486 3516; x_wconf 90' lang='lat' dir='ltr'>demum</span> <span class='ocrx_word' id='word_1_199' title='bbox 514 3447 711 3534; x_wconf 87' lang='lat' dir='ltr'>temporibus</span> <span class='ocrx_word' id='word_1_200' title='bbox 742 3446 870 3514; x_wconf 88' lang='lat' dir='ltr'>detecta</span> <span class='ocrx_word' id='word_1_201' title='bbox 900 3450 975 3514; x_wconf 93' lang='lat' dir='ltr'>sunt</span> <span class='ocrx_word' id='word_1_202' title='bbox 998 3475 1014 3532; x_wconf 72' lang='lat'>3,</span> <span class='ocrx_word' id='word_1_203' title='bbox 1033 3442 1136 3532; x_wconf 85' lang='lat' dir='ltr'>neque</span> <span class='ocrx_word' id='word_1_204' title='bbox 1166 3445 1371 3522; x_wconf 87' lang='lat' dir='ltr'>Aristotcles,</span> 
     </span>
     <span class='ocr_line' id='line_1_27' title="bbox 358 3534 1373 3644; baseline -0.004 -19"><span class='ocrx_word' id='word_1_205' title='bbox 358 3558 501 3644; x_wconf 88' lang='lat' dir='ltr'>quamuis</span> <span class='ocrx_word' id='word_1_206' title='bbox 511 3557 684 3624; x_wconf 86' lang='lat' dir='ltr'>multorum</span> <span class='ocrx_word' id='word_1_207' title='bbox 698 3557 883 3624; x_wconf 87' lang='lat' dir='ltr'>animalium</span> <span class='ocrx_word' id='word_1_208' title='bbox 893 3534 1117 3644; x_wconf 78' lang='lat' dir='ltr'>geneiationes</span> <span class='ocrx_word' id='word_1_209' title='bbox 1132 3554 1373 3638; x_wconf 83' lang='lat' dir='ltr'>nonnullorum·</span> 
     </span>
     <span class='ocr_line' id='line_1_28' title="bbox 360 3661 1371 3754; baseline -0.002 -21"><span class='ocrx_word' id='word_1_210' title='bbox 360 3689 420 3752; x_wconf 90' lang='lat' dir='ltr'>que</span> <span class='ocrx_word' id='word_1_211' title='bbox 435 3667 629 3735; x_wconf 82' lang='lat' dir='ltr'>mutationes</span> <span class='ocrx_word' id='word_1_212' title='bbox 646 3669 679 3734; x_wconf 86' lang='lat' dir='ltr'>et</span> <span class='ocrx_word' id='word_1_213' title='bbox 693 3666 727 3732; x_wconf 93' lang='lat' dir='ltr'>in</span> <span class='ocrx_word' id='word_1_214' title='bbox 742 3664 822 3732; x_wconf 88' lang='lat' dir='ltr'>alies</span> <span class='ocrx_word' id='word_1_215' title='bbox 838 3665 959 3754; x_wconf 87' lang='lat' dir='ltr'>figuras</span> <span class='ocrx_word' id='word_1_216' title='bbox 970 3664 1127 3732; x_wconf 88' lang='lat' dir='ltr'>transitus</span> <span class='ocrx_word' id='word_1_217' title='bbox 1141 3661 1371 3738; x_wconf 82' lang='lat' dir='ltr'>observaverit.</span> 
     </span>
     <span class='ocr_line' id='line_1_29' title="bbox 360 3769 1374 3858; baseline -0.002 -18"><span class='ocrx_word' id='word_1_218' title='bbox 360 3775 439 3842; x_wconf 83' lang='lat' dir='ltr'>satis</span> <span class='ocrx_word' id='word_1_219' title='bbox 454 3774 536 3842; x_wconf 86' lang='lat' dir='ltr'>lucis</span> <span class='ocrx_word' id='word_1_220' title='bbox 549 3773 584 3841; x_wconf 89' lang='lat' dir='ltr'>in</span> <span class='ocrx_word' id='word_1_221' title='bbox 603 3773 674 3840; x_wconf 88' lang='lat' dir='ltr'>haec</span> <span class='ocrx_word' id='word_1_222' title='bbox 690 3773 890 3843; x_wconf 85' lang='lat' dir='ltr'>abditisslma</span> <span class='ocrx_word' id='word_1_223' title='bbox 908 3777 1035 3840; x_wconf 86' lang='lat' dir='ltr'>naturae</span> <span class='ocrx_word' id='word_1_224' title='bbox 1056 3772 1235 3858; x_wconf 85' lang='lat' dir='ltr'>penetralia</span> <span class='ocrx_word' id='word_1_225' title='bbox 1258 3769 1374 3838; x_wconf 80' lang='lat' dir='ltr'>afferre</span> 
     </span>
     <span class='ocr_line' id='line_1_30' title="bbox 359 3881 1374 3972; baseline -0.002 -22"><span class='ocrx_word' id='word_1_226' title='bbox 359 3882 474 3970; x_wconf 83' lang='lat' dir='ltr'>potuit,</span> <span class='ocrx_word' id='word_1_227' title='bbox 492 3887 529 3952; x_wconf 90' lang='lat' dir='ltr'>ut</span> <span class='ocrx_word' id='word_1_228' title='bbox 544 3883 627 3952; x_wconf 86' lang='lat' dir='ltr'>hanc</span> <span class='ocrx_word' id='word_1_229' title='bbox 639 3884 743 3972; x_wconf 86' lang='lat' dir='ltr'>legem</span> <span class='ocrx_word' id='word_1_230' title='bbox 759 3883 949 3950; x_wconf 85' lang='lat' dir='ltr'>illustraret.</span> <span class='ocrx_word' id='word_1_231' title='bbox 969 3881 1066 3969; x_wconf 81' lang='lat' dir='ltr'>Cujus</span> <span class='ocrx_word' id='word_1_232' title='bbox 1081 3885 1190 3950; x_wconf 83' lang='lat' dir='ltr'>tamen</span> <span class='ocrx_word' id='word_1_233' title='bbox 1205 3881 1374 3948; x_wconf 81' lang='lat' dir='ltr'>obscuram</span> 
     </span>
     <span class='ocr_line' id='line_1_31' title="bbox 359 3985 1373 4080; baseline -0.002 -20"><span class='ocrx_word' id='word_1_234' title='bbox 359 3993 529 4078; x_wconf 82' lang='lat' dir='ltr'>quamdam</span> <span class='ocrx_word' id='word_1_235' title='bbox 545 3985 758 4080; x_wconf 87' lang='lat' dir='ltr'>suspicionem</span> <span class='ocrx_word' id='word_1_236' title='bbox 774 3991 902 4059; x_wconf 84' lang='lat' dir='ltr'>sublimi</span> <span class='ocrx_word' id='word_1_237' title='bbox 916 3991 1038 4079; x_wconf 87' lang='lat' dir='ltr'>ingenii</span> <span class='ocrx_word' id='word_1_238' title='bbox 1052 3989 1282 4078; x_wconf 78' lang='lat' dir='ltr'>anticipatione</span> <span class='ocrx_word' id='word_1_239' title='bbox 1297 4009 1373 4058; x_wconf 83' lang='lat' dir='ltr'>cou-</span> 
     </span>
     <span class='ocr_line' id='line_1_32' title="bbox 358 4098 1373 4188; baseline -0.002 -20"><span class='ocrx_word' id='word_1_240' title='bbox 358 4100 482 4188; x_wconf 81' lang='lat' dir='ltr'>oepisse</span> <span class='ocrx_word' id='word_1_241' title='bbox 517 4101 655 4170; x_wconf 83' lang='lat' dir='ltr'>ridetur.</span> <span class='ocrx_word' id='word_1_242' title='bbox 692 4099 837 4168; x_wconf 78' lang='lat' dir='ltr'>PrImum</span> <span class='ocrx_word' id='word_1_243' title='bbox 872 4099 958 4168; x_wconf 86' lang='lat' dir='ltr'>enim</span> <span class='ocrx_word' id='word_1_244' title='bbox 994 4099 1134 4167; x_wconf 88' lang='lat' dir='ltr'>omnium</span> <span class='ocrx_word' id='word_1_245' title='bbox 1163 4098 1373 4171; x_wconf 77' lang='lat' dir='ltr'>animantium</span> 
     </span>
    </p>
   </div>
   <div class='ocr_carea' id='block_1_3' title="bbox 0 0 1577 4932">
    <p class='ocr_par' dir='ltr' id='par_1_4' title="bbox 0 0 1577 4932">
     <span class='ocr_line' id='line_1_33' title="bbox 0 0 1577 4932; baseline 0 0"><span class='ocrx_word' id='word_1_246' title='bbox 0 0 1577 4932; x_wconf 95' lang='lat' dir='ltr'> </span> 
     </span>
    </p>
   </div>
  </div>
 </body>
</html>
