3106 4932
635 521 680 536 ...
697 484 743 550 Ἡ
770 521 815 534 ..

215 630 294 696 sime
309 628 500 696 ¹concludere
511 628 638 706 licebit3
657 627 744 695 haud
760 629 854 694 secus
869 649 907 694 ac
922 628 956 694 in
972 627 1187 715 geometricis,
1207 629 1234 694 si

209 739 347 827 propria
361 737 508 824 quaedem
524 737 618 805 detur
633 737 768 824 alicujus
783 736 878 802 lineae
893 737 989 814 ratio,
1009 740 1137 802 caeterae
1169 728 1234 803 oin-

213 867 272 914 nes
287 845 383 933 hujus
392 846 505 932 figurae
521 846 737 933 proprietates
753 867 794 912 ex
805 867 871 912 una
897 844 955 912 illa
965 845 1151 912 necessario
1168 847 1232 912 col·
1318 855 1320 862 ‘

214 955 369 1044 ligantur.
391 987 407 1012 n
610 962 614 965 ’
1024 1011 1027 1020 .
1244 964 1246 972 ’

259 1067 329 1132 Hoc
341 1064 522 1132 admirabili
533 1065 567 1130 in
579 1063 648 1130 loco
666 1064 832 1132 Ouvierius
865 1085 937 1131 cum
964 1063 1142 1132 Aristotele
1165 1068 1233 1132 tam

213 1175 489 1261 planeconsentit,
508 1178 546 1242 ut
557 1174 739 1260 philosophi
756 1174 949 1242 sententiam
959 1173 1170 1260 interpretari
1186 1178 1233 1242 et·

208 1304 276 1369 ·que
297 1283 460 1370 'explicare
480 1283 640 1351 videatur.
667 1283 711 1349 At
727 1283 917 1368 praeclaram
948 1283 1030 1348 hanc
1055 1282 1234 1350 doctrinam

214 1414 278 1459 non
293 1395 422 1459 tantum
437 1392 575 1469 ratione,
588 1392 645 1458 sed
657 1413 718 1458 usu
734 1395 767 1458 et
778 1391 1014 1477 pulchrioribus
1025 1393 1122 1459 etiam
1138 1389 1232 1459 effec-

209 1502 300 1569 tibus
328 1501 542 1579 confirmavit,
574 1522 670 1586 quum
698 1501 903 1586 antiquorum
929 1505 1028 1568 terrae
1054 1501 1233 1570 incolarum

214 1611 391 1678 exstinctas
403 1609 523 1676 formas
533 1609 575 1675 ad
589 1609 690 1676 vitam
706 1607 874 1693 revocans,
901 1609 1123 1686 animantium,
1155 1630 1231 1695 quo-

212 1741 284 1786 rum
301 1720 569 1806 singulatantum
582 1739 656 1784 ossa
668 1718 949 1797 detectafuerant,
969 1721 1071 1785 totam
1092 1719 1232 1804 descrip-

206 1828 333 1895 tionem
350 1828 510 1895 divinaret
526 1831 779 1912 caeterorumque
790 1823 910 1894 ossium
926 1827 1064 1915 figuram
1088 1849 1153 1894 non
1170 1827 1230 1894 mi»

211 1958 273 2004 nus
289 1940 401 2004 exacte
418 1935 615 2004 describeret
627 1957 722 2022 quam
737 1936 767 2002 ¹si
783 1935 883 2003 oculis
900 1957 939 2002 ea
963 1937 1175 2022 contemplari
1191 1937 1229 2004 li-

211 2047 342 2138 cuisset.
393 2127 397 2139 ,

257 2156 394 2223 Causam
413 2175 491 2222 vero
512 2176 552 2220 ex
573 2175 635 2240 qua
655 2155 708 2221 ille
730 2155 871 2222 omnium
891 2155 1032 2243 partium
1055 2153 1229 2222 consensus

212 2264 339 2349 pendet,
359 2264 488 2350 plurimi
504 2285 545 2330 ex
560 2264 793 2331 recentioribus
806 2265 852 2330 sic
868 2264 1024 2332 definiunt
1044 2291 1051 2330 ε
1070 2285 1142 2350 eam
1159 2286 1229 2331 esse

210 2373 379 2459 unicuique
400 2367 615 2441 animantium
631 2373 748 2460 speciei
773 2373 931 2441 existendi
948 2373 1177 2452 conditionem·
1193 2377 1230 2441 ut

204 2483 317 2548 ,omnia
328 2483 492 2550 contineat
503 2503 574 2568 quae
586 2482 627 2548 ad
640 2483 804 2569 proprium
819 2482 949 2550 vivendi
964 2503 1065 2568 genus
1081 2477 1228 2548 necessa*
1278 2531 1280 2538 .

211 2589 260 2654 ria
281 2591 355 2656 sint.
373 2590 439 2658 Sed
454 2590 508 2657 hic
527 2591 628 2657 multo
649 2591 757 2676 potior
780 2595 830 2658 est
854 2589 1039 2656 Aristotelis
1060 2590 1154 2668 ratio,
1175 2594 1229 2676 qui

210 2718 320 2764 veram
335 2699 429 2786 hujus
445 2697 600 2766 mirabilis
619 2699 849 2766 convenientiae
866 2699 1023 2786 originem
1039 2699 1179 2766 ostendit
1194 2701 1228 2766 in
1249 2679 1251 2690 ’

209 2807 334 2874 actione
349 2811 476 2876 naturae
492 2812 598 2874 certos
611 2807 961 2874 adfinesanimantium
977 2807 1157 2884 structuras
1173 2830 1226 2875 ac·

207 2906 452 2996 commodantis‚
472 2921 505 2984 et
524 2915 651 3002 ubique,
675 2939 716 2983 ex
731 2917 877 2983 omnibus
898 2939 969 3002 quae
985 2917 1057 2984 fieri
1077 2923 1222 3005 possunt,

207 3027 362 3112 optimum
378 3024 555 3094 efficientis.
577 3027 680 3112 Saepe,
700 3026 847 3112 equidem
863 3025 978 3104 fateor,
998 3047 1150 3113 magnum
1166 3029 1227 3095 hoo

207 3133 397 3221 principium
409 3133 490 3230 falso
506 3135 662 3213 adhibuit,
679 3155 764 3221 saepe
780 3136 819 3201 de
831 3156 910 3202 vera
924 3135 1065 3222 partium
1079 3136 1226 3204 vitalium

208 3242 346 3309 utilitate
369 3245 402 3308 et
420 3242 605 3310 muneribus
630 3243 775 3321 erravit;
794 3245 850 3310 sed
877 3249 914 3312 ut
941 3245 1157 3312 recentiorum
1174 3247 1226 3313 in-

208 3355 306 3418 venta
314 3351 513 3438 singulorum
522 3354 731 3437 quorumdam
743 3353 828 3420 illius
836 3354 1027 3440 placitorum
1036 3354 1226 3422 inanitatem

207 3457 481 3536 demonstravere,
504 3460 551 3528 ita
577 3461 719 3528 universi
746 3461 895 3548 principii
925 3462 1096 3530 veritatem
1122 3462 1226 3550 magis

206 3587 246 3632 ae
257 3567 360 3654 magis
371 3566 572 3660 confirmant.
592 3570 663 3634 Hoc
678 3569 763 3634 enim
775 3568 980 3637 manifestum
995 3569 1125 3648 faciunt,
1142 3572 1225 3658 quod

206 3670 297 3742 recte
312 3676 439 3744 viderat
453 3677 673 3763 philosophus
692 3678 904 3745 animantium
919 3678 1074 3745 fabricam
1090 3701 1156 3748 non
1172 3701 1223 3746 so-

190 3784 272 3858 lum
292 3805 363 3852 eam
378 3808 450 3853 esse
469 3808 542 3872 quae
558 3787 600 3852 ad
611 3785 734 3872 species
750 3788 987 3854 conservandas
1003 3787 1152 3868 sufficiat,
1168 3789 1225 3856 sed

205 3895 306 3963 mullo
317 3896 421 3984 magis
433 3895 582 4012 subtilem
593 3897 689 3982 atque
701 3895 861 3962 eximiam.

542 4037 549 4072 l
