3106 4932
770 472 959 602 -284-2'

351 649 479 719 diversa
494 632 710 722 instrumenta
724 661 841 725 natura
857 657 1014 740 absumit,
1030 666 1066 729 ut
1082 665 1233 752 cujusque
1249 671 1365 754 speciei

348 758 421 828 finis
446 761 621 844 desiderat,
645 765 699 831 hic
720 767 761 833 ad
783 768 936 855 ungulas
961 769 1026 836 illic
1040 772 1091 862 ⁸ad
1112 773 1224 843 dantes
1248 781 1304 845 aut
1324 782 1366 847 ad

347 893 483 954 cornua,
501 875 536 941 in
558 895 619 962 quo
636 874 730 942 solita
744 875 984 962 ponderationis
1005 879 1094 967 lege,
1113 883 1169 974 sed
1184 875 1365 971 praesertim

344 983 633 1053 utilitatisratione
656 985 784 1053 ducitur
798 982 857 1077 (l).
881 987 960 1054 Hae'c
983 992 1034 1056 est
1056 993 1201 1060 materiae
1225 997 1363 1063 necessi·

345 1096 396 1160 tas
416 1120 423 1159 :
441 1092 498 1160 sed
514 1094 589 1162 huic
603 1093 708 1162 altera
721 1095 772 1163 ris
793 1095 1009 1184 conjungitur,
1027 1119 1099 1184 quoe
1115 1103 1292 1187 specierum
1308 1106 1363 1173 de-

344 1203 550 1290 scriptionem
573 1203 756 1272 necessario
778 1204 874 1292 regit.
902 1205 1109 1293 Unaquaeque
1132 1210 1217 1277 enim
1240 1214 1361 1300 species

343 1310 385 1378 ad
399 1311 496 1379 latius
512 1333 613 1401 genus
627 1314 784 1400 pertinet,
803 1313 893 1400 cujus
908 1313 1115 1382 immutabilis
1134 1321 1275 1388 essentia
1289 1343 1361 1388 cor-

340 1423 429 1509 poris
444 1424 584 1510 partium
595 1443 763 1490 numerum
779 1422 937 1509 situmque
953 1427 1140 1492 constanter
1151 1427 1355 1498 determinat.

341 1531 444 1606 Quam
460 1533 587 1619 quidem
605 1530 811 1609 Aristoteles,
825 1531 859 1596 in
878 1531 975 1598 hoca
995 1532 1131 1600 Platone
1151 1534 1356 1619 dissentiens,

338 1661 404 1708 non
424 1637 495 1710 ‘tani
515 1647 552 1712 ut
571 1647 728 1710 aeternum
751 1641 927 1727 exemplar,
951 1640 994 1707 ad
1017 1642 1101 1728 quod
1123 1644 1296 1714 animantis
1310 1647 1357 1715 fa·

337 1750 427 1818 brica
443 1752 615 1832 referatur,
639 1771 733 1837 quam
749 1753 786 1817 ut
800 1750 946 1816 intimam
961 1750 1062 1836 ipsius
1077 1753 1250 1821 animantis
1265 1756 1356 1824 vitas·

336 1880 397 1945 que
420 1865 570 1929 naturam
586 1861 695 1938 habet,
712 1859 947 1926 necimmerito
967 1886 974 1925 :
992 1881 1079 1927 rarae
1100 1862 1185 1929 enim
1201 1882 1238 1930 ac
1260 1871 1355 1934 natu-

335 1969 420 2036 rales
437 1957 614 2057 specierum
630 1968 837 2056 cognationes
849 1967 882 2034 in
897 1968 963 2034 ima
977 1968 1196 2056 profundaque
1212 1973 1354 2054 animan7

332 2078 414 2146 tium
437 2079 665 2146 constitutione
687 2081 720 2144 et
742 2077 776 2143 in
799 2077 898 2143 insita
919 2077 969 2145 vis
992 2077 1098 2145 vitalis
1114 2079 1221 2146 indole
1247 2083 1352 2167 potius

222 2203 227 2218 ‘
333 2191 499 2267 constant,
519 2208 614 2274 quam
633 2187 667 2252 in
692 2184 906 2253 exterioribus
926 2183 1114 2271 quibusdam
1138 2187 1351 2258 similitudini·

330 2295 405 2375 bus,
425 2317 496 2383 quae
513 2294 682 2383 aliquando
703 2295 737 2360 in
752 2293 975 2360 remotissimis
995 2293 1095 2361 etiam
1112 2298 1283 2383 generibus
1298 2320 1349 2366 re·
1439 2381 1441 2388 Ι

328 2406 428 2491 periri
444 2409 593 2492 possunt,
617 2403 739 2470 alienas
760 2402 879 2469 formas
902 2402 1033 2470 fortuito
1054 2404 1265 2473 imitantibus.
1278 2408 1349 2474 .Illa

327 2534 424 2600 porro
451 2514 626 2581 communis
650 2512 761 2580 formae
781 2507 980 2591 necessitas,
1008 2533 1078 2598 quaa
1102 2514 1199 2580 certis
1227 2516 1347 2603 regulis

326 2624 472 2706 vitalium
489 2626 776 2692 instrumentorum
799 2639 967 2700 numeros
987 2622 1091 2701 locos,
1111 2622 1256 2690 ordinem
1271 2645 1345 2691 con·

326 2732 448 2811 stituit,
473 2735 592 2800 multas
616 2733 731 2820 accipit
754 2733 813 2798 hos
837 2732 926 2798 intra
947 2732 1102 2799 terminos
1127 2731 1341 2814 differentias;

324 2863 379 2908 eas
396 2841 522 2929 quidem
539 2847 719 2910 structuras
740 2839 882 2907 excludit
897 2861 969 2926 quae
986 2862 1058 2907 cum
1080 2841 1207 2928 generis
1227 2846 1345 2909 natura

322 2971 387 3017 non
411 2956 609 3038 congruunt;
637 2955 772 3018 caeteras
796 2970 874 3017 vero
902 2947 1064 3028 admittit,
1091 2971 1171 3035 quas
1194 2949 1279 3017 inter
1302 2951 1343 3017 ad

322 3058 449 3146 singula
466 3058 595 3126 vivendi
619 3079 738 3145 genera
762 3058 891 3142 optimae
917 3078 1050 3143 quaeque
1075 3057 1248 3144 eliguntur.
1275 3061 1341 3126 Ita-

320 3188 380 3254 que
397 3168 509 3234 similis
525 3172 575 3234 est
591 3167 620 3232 ei
635 3165 819 3232 necessitati
835 3186 906 3251 quae
923 3187 962 3230 ex
979 3165 1209 3233 elementorum
1224 3171 1341 3234 natura

318 3277 433 3354 oritur,
452 3281 485 3366 et
500 3274 571 3361 ipsa
586 3275 697 3341 haberi
713 3278 820 3361 potest
834 3271 925 3359 quasi
942 3273 1087 3360 quaedam
1102 3276 1249 3354 materia,
1269 3298 1339 3363 quae

210 3445 226 3464 s
287 3397 292 3404 “
317 3386 359 3453 ad
375 3386 483 3474 plures
500 3385 706 3471 diversosque
724 3404 814 3464 usus,
832 3404 898 3450 non
915 3383 956 3450 ad
974 3404 1083 3451 omnes
1099 3388 1225 3465 tamen,
1247 3369 1349 3452 adm!

315 3495 514 3584 beri-possit.
638 3556 642 3564 .

361 3601 453 3682 Quod
469 3602 605 3671 dilucide
625 3602 816 3690 proponitur
831 3602 865 3669 in
880 3602 971 3669 initio
987 3601 1061 3668 libri
1082 3601 1135 3688 qui
1154 3603 1193 3670 de
1208 3604 1333 3672 incessu

315 3714 501 3784 animalium
517 3713 691 3800 inscriptus
717 3715 793 3800 est:
815 3741 830 3768 u
857 3712 984 3782 Nature
1005 3710 1086 3778 nihil
1102 3712 1170 3800 agit
1192 3711 1330 3794 frustra,

299 3973 305 3986 '
347 3977 380 4044 111
399 3979 439 4033 De
454 3978 528 4048 part.
545 3971 633 4030 anim.
650 3973 698 4041 111,
716 3973 743 4029 2.
763 3965 828 4031 Πῶς
841 3959 869 4022 δὲ
881 3967 930 4034 τῆς
944 3959 1085 4042 trumuine
1099 3960 1199 4046 φύσεως
1218 3961 1329 4045 ἐχούσης
1424 4033 1432 4046 ·

309 4071 363 4134 τοῖς
377 4065 536 4149 ὑπάρχουσιν
551 4062 576 4133 ἐξ
589 4061 715 4141 ἀνάγκης,
727 4067 744 4134 ἡ
759 4059 828 4122 κατὰ
841 4061 886 4121 τὸν
898 4058 976 4139 λόγον
989 4058 1063 4143 φύσις
1083 4059 1159 4121 ἕνεκά
1180 4083 1225 4122 του
1247 4085 1328 4121 κατα-

308 4163 448 4247 κέχρηται,
462 4162 593 4243 λέγωμεν.
