<?xml version="1.0" encoding="UTF-8"?>
<!DOCTYPE html PUBLIC "-//W3C//DTD XHTML 1.0 Transitional//EN"
    "http://www.w3.org/TR/xhtml1/DTD/xhtml1-transitional.dtd">
<html xmlns="http://www.w3.org/1999/xhtml" xml:lang="en" lang="en">
 <head>
  <title>
</title>
<meta http-equiv="Content-Type" content="text/html;charset=utf-8" />
  <meta name='ocr-system' content='tesseract 3.04.00' />
  <meta name='ocr-capabilities' content='ocr_page ocr_carea ocr_par ocr_line ocrx_word'/>
</head>
<body>
  <div class='ocr_page' id='page_1' title='image "./aristotelisphil00philgoog_0083.png"; bbox 0 0 3106 4932; ppageno 0'>
   <div class='ocr_carea' id='block_1_1' title="bbox 745 449 925 558">
    <p class='ocr_par' dir='ltr' id='par_1_1' title="bbox 745 449 925 558">
     <span class='ocr_line' id='line_1_1' title="bbox 745 449 925 558; baseline 0.006 -19"><span class='ocrx_word' id='word_1_1' title='bbox 745 449 925 558; x_wconf 44' lang='grc' dir='ltr'><strong>...γορ</strong></span> 
     </span>
    </p>
   </div>
   <div class='ocr_carea' id='block_1_2' title="bbox 272 634 1381 4204">
    <p class='ocr_par' dir='ltr' id='par_1_2' title="bbox 272 634 1381 4204">
     <span class='ocr_line' id='line_1_2' title="bbox 327 634 1349 730; baseline 0 -26"><span class='ocrx_word' id='word_1_2' title='bbox 327 653 458 704; x_wconf 83' lang='lat' dir='ltr'><strong>neeesse</strong></span> <span class='ocrx_word' id='word_1_3' title='bbox 467 638 529 714; x_wconf 84' lang='lat' dir='ltr'><strong>est,</strong></span> <span class='ocrx_word' id='word_1_4' title='bbox 538 638 575 703; x_wconf 89' lang='lat' dir='ltr'><strong>ut</strong></span> <span class='ocrx_word' id='word_1_5' title='bbox 585 634 655 702; x_wconf 86' lang='lat' dir='ltr'><strong>uita</strong></span> <span class='ocrx_word' id='word_1_6' title='bbox 667 638 826 715; x_wconf 84' lang='lat' dir='ltr'><strong>seruetur,</strong></span> <span class='ocrx_word' id='word_1_7' title='bbox 836 653 946 702; x_wconf 89' lang='lat' dir='ltr'><strong>omnes</strong></span> <span class='ocrx_word' id='word_1_8' title='bbox 955 637 1099 724; x_wconf 84' lang='lat' dir='ltr'><strong>eorporis</strong></span> <span class='ocrx_word' id='word_1_9' title='bbox 1108 637 1252 704; x_wconf 82' lang='lat' dir='ltr'><strong>actiones</strong></span> <span class='ocrx_word' id='word_1_10' title='bbox 1263 637 1349 730; x_wconf 78' lang='lat' dir='ltr'><strong>inter</strong></span> 
     </span>
     <span class='ocr_line' id='line_1_3' title="bbox 328 744 1346 834; baseline 0 -21"><span class='ocrx_word' id='word_1_11' title='bbox 328 767 363 813; x_wconf 86' lang='lat' dir='ltr'><strong>se</strong></span> <span class='ocrx_word' id='word_1_12' title='bbox 379 748 454 832; x_wconf 85' lang='lat' dir='ltr'><strong>apte</strong></span> <span class='ocrx_word' id='word_1_13' title='bbox 467 744 651 811; x_wconf 83' lang='lat' dir='ltr'><strong>consentire</strong></span> <span class='ocrx_word' id='word_1_14' title='bbox 670 745 896 812; x_wconf 85' lang='lat' dir='ltr'><strong>:necessarius</strong></span> <span class='ocrx_word' id='word_1_15' title='bbox 920 748 971 813; x_wconf 89' lang='lat' dir='ltr'><strong>est</strong></span> <span class='ocrx_word' id='word_1_16' title='bbox 994 746 1094 834; x_wconf 89' lang='lat' dir='ltr'><strong>igitur</strong></span> <span class='ocrx_word' id='word_1_17' title='bbox 1110 747 1250 812; x_wconf 91' lang='lat' dir='ltr'><strong>omnium</strong></span> <span class='ocrx_word' id='word_1_18' title='bbox 1270 747 1346 813; x_wconf 86' lang='lat' dir='ltr'><strong>uitae</strong></span> 
     </span>
     <span class='ocr_line' id='line_1_4' title="bbox 328 854 1344 942; baseline -0.002 -20"><span class='ocrx_word' id='word_1_19' title='bbox 328 857 616 922; x_wconf 75' lang='lat' dir='ltr'><strong>instrumentorum</strong></span> <span class='ocrx_word' id='word_1_20' title='bbox 632 874 818 920; x_wconf 85' lang='lat' dir='ltr'><strong>consensus.</strong></span> <span class='ocrx_word' id='word_1_21' title='bbox 839 854 873 922; x_wconf 89' lang='lat' dir='ltr'><strong>Si</strong></span> <span class='ocrx_word' id='word_1_22' title='bbox 892 855 1125 923; x_wconf 82' lang='lat' dir='ltr'><strong>ruminantium</strong></span> <span class='ocrx_word' id='word_1_23' title='bbox 1152 856 1265 924; x_wconf 88' lang='lat' dir='ltr'><strong>dentes</strong></span> <span class='ocrx_word' id='word_1_24' title='bbox 1292 877 1344 942; x_wconf 88' lang='lat' dir='ltr'><strong>pe-</strong></span> 
     </span>
     <span class='ocr_line' id='line_1_5' title="bbox 329 945 1360 1050; baseline -0.001 -20"><span class='ocrx_word' id='word_1_25' title='bbox 329 964 447 1050; x_wconf 84' lang='lat' dir='ltr'>desque</span> <span class='ocrx_word' id='word_1_26' title='bbox 464 981 535 1029; x_wconf 90' lang='lat' dir='ltr'><strong>oum</strong></span> <span class='ocrx_word' id='word_1_27' title='bbox 551 962 691 1050; x_wconf 90' lang='lat' dir='ltr'><strong>propriis</strong></span> <span class='ocrx_word' id='word_1_28' title='bbox 704 945 827 1040; x_wconf 87' lang='lat' dir='ltr'><strong>eorum,</strong></span> <span class='ocrx_word' id='word_1_29' title='bbox 842 983 913 1049; x_wconf 88' lang='lat' dir='ltr'><strong>quae</strong></span> <span class='ocrx_word' id='word_1_30' title='bbox 929 985 1026 1030; x_wconf 88' lang='lat' dir='ltr'><strong>carne</strong></span> <span class='ocrx_word' id='word_1_31' title='bbox 1042 967 1230 1042; x_wconf 83' lang='lat' dir='ltr'><strong>vescuntur,</strong></span> <span class='ocrx_word' id='word_1_32' title='bbox 1247 955 1360 1030; x_wconf 79' lang='lat' dir='ltr'><strong>intes·&#39;</strong></span> 
     </span>
     <span class='ocr_line' id='line_1_6' title="bbox 329 1070 1348 1180; baseline -0.001 -41"><span class='ocrx_word' id='word_1_33' title='bbox 329 1072 407 1140; x_wconf 89' lang='lat' dir='ltr'><strong>tinis</strong></span> <span class='ocrx_word' id='word_1_34' title='bbox 418 1070 709 1172; x_wconf 75' lang='lat' dir='ltr'><strong>junctosfingerm,</strong></span> <span class='ocrx_word' id='word_1_35' title='bbox 728 1071 808 1139; x_wconf 90' lang='lat' dir='ltr'><strong>satis</strong></span> <span class='ocrx_word' id='word_1_36' title='bbox 832 1075 923 1158; x_wconf 86' lang='lat' dir='ltr'><strong>patet</strong></span> <span class='ocrx_word' id='word_1_37' title='bbox 948 1073 1049 1144; x_wconf 87' lang='lat' dir='ltr'><strong>uitam</strong></span> <span class='ocrx_word' id='word_1_38' title='bbox 1078 1073 1112 1139; x_wconf 93' lang='lat' dir='ltr'><strong>in</strong></span> <span class='ocrx_word' id='word_1_39' title='bbox 1130 1093 1274 1180; x_wconf 72' lang='lat' dir='ltr'><strong>¹corpore</strong></span> <span class='ocrx_word' id='word_1_40' title='bbox 1304 1073 1348 1138; x_wconf 87' lang='lat' dir='ltr'><strong>sic</strong></span> 
     </span>
     <span class='ocr_line' id='line_1_7' title="bbox 330 1181 1348 1267; baseline -0.001 -19"><span class='ocrx_word' id='word_1_41' title='bbox 330 1181 506 1248; x_wconf 80' lang='lat' dir='ltr'><strong>constituto</strong></span> <span class='ocrx_word' id='word_1_42' title='bbox 521 1199 653 1246; x_wconf 88' lang='lat' dir='ltr'><strong>manere</strong></span> <span class='ocrx_word' id='word_1_43' title='bbox 668 1201 734 1246; x_wconf 93' lang='lat' dir='ltr'><strong>non</strong></span> <span class='ocrx_word' id='word_1_44' title='bbox 749 1201 856 1267; x_wconf 86' lang='lat' dir='ltr'><strong>posse.</strong></span> <span class='ocrx_word' id='word_1_45' title='bbox 876 1181 939 1248; x_wconf 87' lang='lat' dir='ltr'><strong>Sed</strong></span> <span class='ocrx_word' id='word_1_46' title='bbox 951 1181 986 1248; x_wconf 90' lang='lat' dir='ltr'><strong>iu</strong></span> <span class='ocrx_word' id='word_1_47' title='bbox 1000 1182 1141 1248; x_wconf 91' lang='lat' dir='ltr'><strong>minimis</strong></span> <span class='ocrx_word' id='word_1_48' title='bbox 1161 1182 1259 1248; x_wconf 88' lang='lat' dir='ltr'><strong>etiam</strong></span> <span class='ocrx_word' id='word_1_49' title='bbox 1275 1202 1348 1267; x_wconf 86' lang='lat' dir='ltr'><strong>par·</strong></span> 
     </span>
     <span class='ocr_line' id='line_1_8' title="bbox 330 1287 1349 1377; baseline 0 -21"><span class='ocrx_word' id='word_1_50' title='bbox 330 1290 416 1357; x_wconf 90' lang='lat' dir='ltr'><strong>tibus</strong></span> <span class='ocrx_word' id='word_1_51' title='bbox 431 1290 515 1356; x_wconf 87' lang='lat' dir='ltr'><strong>hano</strong></span> <span class='ocrx_word' id='word_1_52' title='bbox 527 1289 753 1362; x_wconf 84' lang='lat' dir='ltr'><strong>necessitatem</strong></span> <span class='ocrx_word' id='word_1_53' title='bbox 768 1291 918 1377; x_wconf 84' lang='lat' dir='ltr'><strong>persequi</strong></span> <span class='ocrx_word' id='word_1_54' title='bbox 933 1289 1019 1357; x_wconf 85' lang='lat' dir='ltr'><strong>licet.</strong></span> <span class='ocrx_word' id='word_1_55' title='bbox 1038 1291 1112 1358; x_wconf 91' lang='lat' dir='ltr'><strong>Non</strong></span> <span class='ocrx_word' id='word_1_56' title='bbox 1135 1287 1238 1358; x_wconf 90' lang='lat' dir='ltr'><strong>solum</strong></span> <span class='ocrx_word' id='word_1_57' title='bbox 1265 1289 1349 1357; x_wconf 89' lang='lat' dir='ltr'><strong>enim</strong></span> 
     </span>
     <span class='ocr_line' id='line_1_9' title="bbox 329 1397 1370 1486; baseline 0.002 -22"><span class='ocrx_word' id='word_1_58' title='bbox 329 1399 363 1465; x_wconf 92' lang='lat' dir='ltr'><strong>in</strong></span> <span class='ocrx_word' id='word_1_59' title='bbox 378 1399 530 1466; x_wconf 85' lang='lat' dir='ltr'><strong>universo</strong></span> <span class='ocrx_word' id='word_1_60' title='bbox 546 1418 664 1486; x_wconf 80' lang='lat' dir='ltr'>genere</span> <span class='ocrx_word' id='word_1_61' title='bbox 677 1419 788 1465; x_wconf 91' lang='lat' dir='ltr'><strong>eorum</strong></span> <span class='ocrx_word' id='word_1_62' title='bbox 804 1419 939 1484; x_wconf 88' lang='lat' dir='ltr'><strong>quorum</strong></span> <span class='ocrx_word' id='word_1_63' title='bbox 954 1403 1070 1466; x_wconf 88' lang='lat' dir='ltr'><strong>venter</strong></span> <span class='ocrx_word' id='word_1_64' title='bbox 1097 1397 1139 1466; x_wconf 90' lang='lat' dir='ltr'><strong>ad</strong></span> <span class='ocrx_word' id='word_1_65' title='bbox 1154 1420 1284 1466; x_wconf 87' lang='lat' dir='ltr'><strong>carnem</strong></span> <span class='ocrx_word' id='word_1_66' title='bbox 1300 1420 1351 1466; x_wconf 88' lang='lat' dir='ltr'><strong>oo·</strong></span> <span class='ocrx_word' id='word_1_67' title='bbox 1368 1483 1370 1486; x_wconf 25' lang='grc'><strong>,</strong></span> 
     </span>
     <span class='ocr_line' id='line_1_10' title="bbox 331 1505 1351 1595; baseline 0 -21"><span class='ocrx_word' id='word_1_68' title='bbox 331 1508 629 1595; x_wconf 82' lang='lat' dir='ltr'><strong>quendamtantum</strong></span> <span class='ocrx_word' id='word_1_69' title='bbox 648 1505 747 1583; x_wconf 84' lang='lat' dir='ltr'><strong>valet,</strong></span> <span class='ocrx_word' id='word_1_70' title='bbox 765 1508 870 1574; x_wconf 90' lang='lat' dir='ltr'><strong>omnis</strong></span> <span class='ocrx_word' id='word_1_71' title='bbox 887 1509 952 1574; x_wconf 89' lang='lat' dir='ltr'><strong>oris</strong></span> <span class='ocrx_word' id='word_1_72' title='bbox 973 1507 1095 1575; x_wconf 86' lang='lat' dir='ltr'><strong>fabrica</strong></span> <span class='ocrx_word' id='word_1_73' title='bbox 1119 1505 1160 1574; x_wconf 89' lang='lat' dir='ltr'><strong>ad</strong></span> <span class='ocrx_word' id='word_1_74' title='bbox 1174 1509 1351 1575; x_wconf 78' lang='lat' dir='ltr'><strong>vorandam</strong></span> 
     </span>
     <span class='ocr_line' id='line_1_11' title="bbox 331 1615 1348 1704; baseline 0 -22"><span class='ocrx_word' id='word_1_75' title='bbox 331 1616 486 1702; x_wconf 87' lang='lat' dir='ltr'><strong>praedam,</strong></span> <span class='ocrx_word' id='word_1_76' title='bbox 517 1615 662 1682; x_wconf 89' lang='lat' dir='ltr'><strong>membra</strong></span> <span class='ocrx_word' id='word_1_77' title='bbox 689 1617 730 1682; x_wconf 93' lang='lat' dir='ltr'><strong>ad</strong></span> <span class='ocrx_word' id='word_1_78' title='bbox 754 1617 977 1683; x_wconf 80' lang='lat' dir='ltr'><strong>insectandum</strong></span> <span class='ocrx_word' id='word_1_79' title='bbox 1006 1621 1039 1684; x_wconf 89' lang='lat' dir='ltr'><strong>et</strong></span> <span class='ocrx_word' id='word_1_80' title='bbox 1065 1617 1106 1683; x_wconf 89' lang='lat' dir='ltr'><strong>ad</strong></span> <span class='ocrx_word' id='word_1_81' title='bbox 1130 1617 1348 1704; x_wconf 87' lang='lat' dir='ltr'><strong>pugnandum,</strong></span> 
     </span>
     <span class='ocr_line' id='line_1_12' title="bbox 304 1725 1352 1821; baseline 0 -29"><span class='ocrx_word' id='word_1_82' title='bbox 304 1799 306 1821; x_wconf 84' lang='lat'><em>.</em></span> <span class='ocrx_word' id='word_1_83' title='bbox 332 1745 445 1798; x_wconf 88' lang='lat' dir='ltr'><strong>sensus</strong></span> <span class='ocrx_word' id='word_1_84' title='bbox 472 1725 513 1792; x_wconf 88' lang='lat' dir='ltr'><strong>ad</strong></span> <span class='ocrx_word' id='word_1_85' title='bbox 537 1725 755 1812; x_wconf 88' lang='lat' dir='ltr'><strong>indagandum</strong></span> <span class='ocrx_word' id='word_1_86' title='bbox 780 1725 887 1793; x_wconf 88' lang='lat' dir='ltr'><strong>idonei</strong></span> <span class='ocrx_word' id='word_1_87' title='bbox 909 1745 980 1792; x_wconf 88' lang='lat' dir='ltr'><strong>esse</strong></span> <span class='ocrx_word' id='word_1_88' title='bbox 1007 1726 1150 1793; x_wconf 89' lang='lat' dir='ltr'><strong>debent:</strong></span> <span class='ocrx_word' id='word_1_89' title='bbox 1176 1726 1233 1792; x_wconf 89' lang='lat' dir='ltr'><strong>sed</strong></span> <span class='ocrx_word' id='word_1_90' title='bbox 1253 1747 1352 1811; x_wconf 93' lang='lat' dir='ltr'><strong>quum</strong></span> 
     </span>
     <span class='ocr_line' id='line_1_13' title="bbox 333 1834 1353 1924; baseline -0.002 -22"><span class='ocrx_word' id='word_1_91' title='bbox 333 1835 529 1923; x_wconf 79' lang='lat' dir='ltr'><strong>singularem</strong></span> <span class='ocrx_word' id='word_1_92' title='bbox 542 1853 688 1924; x_wconf 47' lang='lat' dir='ltr'><strong>⁸quaeqno</strong></span> <span class='ocrx_word' id='word_1_93' title='bbox 713 1834 820 1902; x_wconf 87' lang='lat' dir='ltr'><strong>bellua</strong></span> <span class='ocrx_word' id='word_1_94' title='bbox 844 1838 878 1901; x_wconf 93' lang='lat' dir='ltr'><strong>et</strong></span> <span class='ocrx_word' id='word_1_95' title='bbox 908 1836 999 1920; x_wconf 87' lang='lat' dir='ltr'><strong>qnasi</strong></span> <span class='ocrx_word' id='word_1_96' title='bbox 1023 1835 1183 1920; x_wconf 87' lang='lat' dir='ltr'><strong>privatam</strong></span> <span class='ocrx_word' id='word_1_97' title='bbox 1209 1835 1353 1920; x_wconf 87' lang='lat' dir='ltr'><strong>praedam</strong></span> 
     </span>
     <span class='ocr_line' id='line_1_14' title="bbox 299 1933 1350 2032; baseline -0.002 -20"><span class='ocrx_word' id='word_1_98' title='bbox 299 1983 300 1986; x_wconf 18' lang='grc' dir='ltr'>π</span> <span class='ocrx_word' id='word_1_99' title='bbox 332 1945 482 2032; x_wconf 87' lang='lat' dir='ltr'><strong>persequi</strong></span> <span class='ocrx_word' id='word_1_100' title='bbox 505 1943 633 2022; x_wconf 89' lang='lat' dir='ltr'><strong>debeat,</strong></span> <span class='ocrx_word' id='word_1_101' title='bbox 659 1943 755 2032; x_wconf 87' lang='lat' dir='ltr'><strong>hujus</strong></span> <span class='ocrx_word' id='word_1_102' title='bbox 778 1963 837 2031; x_wconf 90' lang='lat' dir='ltr'><strong>pro</strong></span> <span class='ocrx_word' id='word_1_103' title='bbox 857 1943 1078 2031; x_wconf 79' lang='lat' dir='ltr'><strong>magnitudine</strong></span> <span class='ocrx_word' id='word_1_104' title='bbox 1104 1949 1199 2028; x_wconf 88' lang='lat' dir='ltr'><strong>atque</strong></span> <span class='ocrx_word' id='word_1_105' title='bbox 1226 1933 1350 2022; x_wconf 82' lang='lat' dir='ltr'><strong>habitu,</strong></span> 
     </span>
     <span class='ocr_line' id='line_1_15' title="bbox 333 2043 1355 2152; baseline 0 -32"><span class='ocrx_word' id='word_1_106' title='bbox 333 2053 506 2142; x_wconf 89' lang='lat' dir='ltr'><strong>singularis</strong></span> <span class='ocrx_word' id='word_1_107' title='bbox 531 2073 601 2118; x_wconf 87' lang='lat' dir='ltr'><strong>esse</strong></span> <span class='ocrx_word' id='word_1_108' title='bbox 623 2043 721 2119; x_wconf 77' lang='lat' dir='ltr'><strong>debet‘</strong></span> <span class='ocrx_word' id='word_1_109' title='bbox 741 2051 776 2119; x_wconf 90' lang='lat' dir='ltr'><strong>in</strong></span> <span class='ocrx_word' id='word_1_110' title='bbox 803 2073 938 2138; x_wconf 87' lang='lat' dir='ltr'><strong>corpore</strong></span> <span class='ocrx_word' id='word_1_111' title='bbox 963 2051 1119 2139; x_wconf 79' lang='lat' dir='ltr'><strong>cujusque</strong></span> <span class='ocrx_word' id='word_1_112' title='bbox 1145 2052 1355 2152; x_wconf 81' lang='lat' dir='ltr'><strong>instrumenti</strong></span> 
     </span>
     <span class='ocr_line' id='line_1_16' title="bbox 333 2144 1354 2248; baseline -0.001 -20"><span class='ocrx_word' id='word_1_113' title='bbox 333 2162 447 2230; x_wconf 84' lang='lat' dir='ltr'><strong>sonna.</strong></span> <span class='ocrx_word' id='word_1_114' title='bbox 463 2163 537 2228; x_wconf 92' lang='lat' dir='ltr'><strong>Non</strong></span> <span class='ocrx_word' id='word_1_115' title='bbox 552 2144 724 2227; x_wconf 57' lang='lat' dir='ltr'><strong>fieri&#39;enlm</strong></span> <span class='ocrx_word' id='word_1_116' title='bbox 740 2164 847 2248; x_wconf 91' lang='lat' dir='ltr'><strong>potest</strong></span> <span class='ocrx_word' id='word_1_117' title='bbox 870 2164 907 2228; x_wconf 90' lang='lat' dir='ltr'><strong>ut</strong></span> <span class='ocrx_word' id='word_1_118' title='bbox 922 2162 993 2228; x_wconf 87' lang='lat' dir='ltr'><strong>haec</strong></span> <span class='ocrx_word' id='word_1_119' title='bbox 1004 2160 1116 2247; x_wconf 83' lang='lat' dir='ltr'><strong>praeda</strong></span> <span class='ocrx_word' id='word_1_120' title='bbox 1129 2161 1269 2227; x_wconf 84' lang='lat' dir='ltr'><strong>maxillis</strong></span> <span class='ocrx_word' id='word_1_121' title='bbox 1286 2182 1354 2227; x_wconf 89' lang='lat' dir='ltr'><strong>eor·</strong></span> 
     </span>
     <span class='ocr_line' id='line_1_17' title="bbox 335 2269 1354 2358; baseline -0.002 -20"><span class='ocrx_word' id='word_1_122' title='bbox 335 2271 485 2358; x_wconf 89' lang='lat' dir='ltr'><strong>ripiatur,</strong></span> <span class='ocrx_word' id='word_1_123' title='bbox 504 2269 566 2337; x_wconf 86' lang='lat' dir='ltr'><strong>nisi</strong></span> <span class='ocrx_word' id='word_1_124' title='bbox 589 2273 713 2336; x_wconf 84' lang='lat' dir='ltr'><strong>certum</strong></span> <span class='ocrx_word' id='word_1_125' title='bbox 741 2273 866 2339; x_wconf 82' lang='lat' dir='ltr'><strong>constet</strong></span> <span class='ocrx_word' id='word_1_126' title='bbox 890 2270 924 2336; x_wconf 89' lang='lat' dir='ltr'><strong>in</strong></span> <span class='ocrx_word' id='word_1_127' title='bbox 947 2270 1052 2356; x_wconf 85' lang='lat' dir='ltr'><strong>eapite</strong></span> <span class='ocrx_word' id='word_1_128' title='bbox 1068 2269 1219 2358; x_wconf 82' lang='lat' dir='ltr'><strong>cujusque</strong></span> <span class='ocrx_word' id='word_1_129' title='bbox 1236 2271 1354 2336; x_wconf 88' lang='lat' dir='ltr'><strong>ossium</strong></span> 
     </span>
     <span class='ocr_line' id='line_1_18' title="bbox 334 2379 1356 2473; baseline -0.003 -25"><span class='ocrx_word' id='word_1_130' title='bbox 334 2381 434 2448; x_wconf 84' lang='lat' dir='ltr'><strong>robur</strong></span> <span class='ocrx_word' id='word_1_131' title='bbox 448 2384 600 2465; x_wconf 81' lang='lat' dir='ltr'><strong>certaque</strong></span> <span class='ocrx_word' id='word_1_132' title='bbox 616 2379 721 2466; x_wconf 89' lang='lat' dir='ltr'><strong>figura</strong></span> <span class='ocrx_word' id='word_1_133' title='bbox 733 2379 885 2446; x_wconf 87' lang='lat' dir='ltr'><strong>musculis</strong></span> <span class='ocrx_word' id='word_1_134' title='bbox 893 2383 949 2446; x_wconf 86' lang='lat' dir='ltr'><strong>aut</strong></span> <span class='ocrx_word' id='word_1_135' title='bbox 958 2379 1107 2473; x_wconf 71' lang='lat' dir='ltr'><strong>maximis</strong></span> <span class='ocrx_word' id='word_1_136' title='bbox 1119 2382 1176 2445; x_wconf 89' lang='lat' dir='ltr'><strong>aut</strong></span> <span class='ocrx_word' id='word_1_137' title='bbox 1190 2379 1356 2446; x_wconf 87' lang='lat' dir='ltr'><strong>mediocri-</strong></span> 
     </span>
     <span class='ocr_line' id='line_1_19' title="bbox 335 2485 1354 2574; baseline -0.003 -18"><span class='ocrx_word' id='word_1_138' title='bbox 335 2489 396 2556; x_wconf 90' lang='lat' dir='ltr'><strong>bus</strong></span> <span class='ocrx_word' id='word_1_139' title='bbox 411 2489 518 2556; x_wconf 88' lang='lat' dir='ltr'><strong>loourn</strong></span> <span class='ocrx_word' id='word_1_140' title='bbox 534 2488 683 2574; x_wconf 87' lang='lat' dir='ltr'><strong>praebens</strong></span> <span class='ocrx_word' id='word_1_141' title='bbox 703 2515 710 2554; x_wconf 95' lang='lat'><strong>:</strong></span> <span class='ocrx_word' id='word_1_142' title='bbox 729 2492 798 2555; x_wconf 86' lang='lat' dir='ltr'><strong>tum</strong></span> <span class='ocrx_word' id='word_1_143' title='bbox 814 2492 851 2555; x_wconf 91' lang='lat' dir='ltr'><strong>ut</strong></span> <span class='ocrx_word' id='word_1_144' title='bbox 866 2491 961 2574; x_wconf 87' lang='lat' dir='ltr'><strong>rapta</strong></span> <span class='ocrx_word' id='word_1_145' title='bbox 970 2485 1135 2565; x_wconf 85' lang='lat' dir='ltr'><strong>efferatur,</strong></span> <span class='ocrx_word' id='word_1_146' title='bbox 1155 2491 1262 2553; x_wconf 84' lang='lat' dir='ltr'><strong>certas</strong></span> <span class='ocrx_word' id='word_1_147' title='bbox 1285 2507 1354 2553; x_wconf 83' lang='lat' dir='ltr'><strong>esse</strong></span> 
     </span>
     <span class='ocr_line' id='line_1_20' title="bbox 337 2597 1357 2687; baseline -0.003 -22"><span class='ocrx_word' id='word_1_148' title='bbox 337 2602 464 2687; x_wconf 90' lang='lat' dir='ltr'><strong>oportet</strong></span> <span class='ocrx_word' id='word_1_149' title='bbox 479 2599 708 2677; x_wconf 78' lang='lat' dir='ltr'><strong>musculorum,</strong></span> <span class='ocrx_word' id='word_1_150' title='bbox 731 2597 845 2684; x_wconf 90' lang='lat' dir='ltr'><strong>quibus</strong></span> <span class='ocrx_word' id='word_1_151' title='bbox 872 2597 1006 2664; x_wconf 87' lang='lat' dir='ltr'><strong>tollatur</strong></span> <span class='ocrx_word' id='word_1_152' title='bbox 1032 2601 1140 2682; x_wconf 83' lang='lat' dir='ltr'><strong>caput,</strong></span> <span class='ocrx_word' id='word_1_153' title='bbox 1157 2597 1256 2676; x_wconf 83' lang='lat' dir='ltr'><strong>uires,</strong></span> <span class='ocrx_word' id='word_1_154' title='bbox 1290 2617 1357 2662; x_wconf 88' lang='lat' dir='ltr'><strong>oer-</strong></span> 
     </span>
     <span class='ocr_line' id='line_1_21' title="bbox 335 2705 1353 2793; baseline -0.004 -17"><span class='ocrx_word' id='word_1_155' title='bbox 335 2711 465 2793; x_wconf 81' lang='lat' dir='ltr'><strong>tamque</strong></span> <span class='ocrx_word' id='word_1_156' title='bbox 481 2706 515 2772; x_wconf 90' lang='lat' dir='ltr'><strong>in</strong></span> <span class='ocrx_word' id='word_1_157' title='bbox 527 2707 609 2773; x_wconf 86' lang='lat' dir='ltr'><strong>eollo</strong></span> <span class='ocrx_word' id='word_1_158' title='bbox 625 2706 850 2774; x_wconf 82' lang='lat' dir='ltr'><strong>vertebrarum</strong></span> <span class='ocrx_word' id='word_1_159' title='bbox 866 2706 1070 2782; x_wconf 87' lang='lat' dir='ltr'><strong>firmitatem;</strong></span> <span class='ocrx_word' id='word_1_160' title='bbox 1105 2705 1218 2772; x_wconf 87' lang='lat' dir='ltr'><strong>dentes</strong></span> <span class='ocrx_word' id='word_1_161' title='bbox 1246 2725 1353 2792; x_wconf 88' lang='lat' dir='ltr'><strong>porro,</strong></span> 
     </span>
     <span class='ocr_line' id='line_1_22' title="bbox 337 2813 1356 2904; baseline -0.006 -20"><span class='ocrx_word' id='word_1_162' title='bbox 337 2816 450 2904; x_wconf 91' lang='lat' dir='ltr'><strong>quibus</strong></span> <span class='ocrx_word' id='word_1_163' title='bbox 467 2819 605 2892; x_wconf 84' lang='lat' dir='ltr'><strong>secetur,</strong></span> <span class='ocrx_word' id='word_1_164' title='bbox 621 2814 724 2902; x_wconf 88' lang='lat' dir='ltr'><strong>magis</strong></span> <span class='ocrx_word' id='word_1_165' title='bbox 737 2814 789 2880; x_wconf 89' lang='lat' dir='ltr'><strong>vel</strong></span> <span class='ocrx_word' id='word_1_166' title='bbox 801 2813 907 2881; x_wconf 87' lang='lat' dir='ltr'><strong>minus</strong></span> <span class='ocrx_word' id='word_1_167' title='bbox 923 2814 1010 2881; x_wconf 84' lang='lat' dir='ltr'><strong>acuti</strong></span> <span class='ocrx_word' id='word_1_168' title='bbox 1023 2817 1129 2890; x_wconf 91' lang='lat' dir='ltr'><strong>erunt,</strong></span> <span class='ocrx_word' id='word_1_169' title='bbox 1152 2817 1250 2900; x_wconf 90' lang='lat' dir='ltr'><strong>prout</strong></span> <span class='ocrx_word' id='word_1_170' title='bbox 1262 2833 1356 2879; x_wconf 88' lang='lat' dir='ltr'><strong>earne</strong></span> 
     </span>
     <span class='ocr_line' id='line_1_23' title="bbox 298 2919 1381 3008; baseline -0.005 -16"><span class='ocrx_word' id='word_1_171' title='bbox 298 2919 299 2926; x_wconf 56' lang='lat'><em>&#39;</em></span> <span class='ocrx_word' id='word_1_172' title='bbox 336 2925 407 2992; x_wconf 87' lang='lat' dir='ltr'><strong>sola</strong></span> <span class='ocrx_word' id='word_1_173' title='bbox 420 2923 472 2990; x_wconf 86' lang='lat' dir='ltr'><strong>uel</strong></span> <span class='ocrx_word' id='word_1_174' title='bbox 489 2923 561 2989; x_wconf 91' lang='lat' dir='ltr'><strong>aliis</strong></span> <span class='ocrx_word' id='word_1_175' title='bbox 578 2922 677 2991; x_wconf 87' lang='lat' dir='ltr'><strong>etiam</strong></span> <span class='ocrx_word' id='word_1_176' title='bbox 704 2921 783 2989; x_wconf 84' lang='lat' dir='ltr'><strong>cibis</strong></span> <span class='ocrx_word' id='word_1_177' title='bbox 811 2923 931 2990; x_wconf 90' lang='lat' dir='ltr'><strong>animal</strong></span> <span class='ocrx_word' id='word_1_178' title='bbox 954 2921 1107 2998; x_wconf 83' lang='lat' dir='ltr'><strong>vescitur,</strong></span> <span class='ocrx_word' id='word_1_179' title='bbox 1126 2922 1292 3008; x_wconf 83' lang='lat' dir='ltr'><strong>magisque</strong></span> <span class='ocrx_word' id='word_1_180' title='bbox 1307 2921 1381 2987; x_wconf 86' lang='lat' dir='ltr'><strong>vel·</strong></span> 
     </span>
     <span class='ocr_line' id='line_1_24' title="bbox 337 3030 1357 3118; baseline -0.003 -18"><span class='ocrx_word' id='word_1_181' title='bbox 337 3033 443 3100; x_wconf 89' lang='lat' dir='ltr'><strong>minus</strong></span> <span class='ocrx_word' id='word_1_182' title='bbox 459 3031 544 3098; x_wconf 89' lang='lat' dir='ltr'><strong>firmi</strong></span> <span class='ocrx_word' id='word_1_183' title='bbox 559 3052 619 3118; x_wconf 93' lang='lat' dir='ltr'><strong>pro</strong></span> <span class='ocrx_word' id='word_1_184' title='bbox 642 3030 761 3097; x_wconf 89' lang='lat' dir='ltr'><strong>ossium</strong></span> <span class='ocrx_word' id='word_1_185' title='bbox 791 3031 1043 3118; x_wconf 84' lang='lat' dir='ltr'><strong>frangendorum</strong></span> <span class='ocrx_word' id='word_1_186' title='bbox 1074 3031 1207 3108; x_wconf 85' lang='lat' dir='ltr'><strong>duritie;</strong></span> <span class='ocrx_word' id='word_1_187' title='bbox 1221 3030 1290 3117; x_wconf 88' lang='lat' dir='ltr'><strong>jam</strong></span> <span class='ocrx_word' id='word_1_188' title='bbox 1316 3031 1357 3097; x_wconf 84' lang='lat' dir='ltr'><strong>ad</strong></span> 
     </span>
     <span class='ocr_line' id='line_1_25' title="bbox 338 3131 1356 3228; baseline -0.003 -20"><span class='ocrx_word' id='word_1_189' title='bbox 338 3140 591 3228; x_wconf 86' lang='lat' dir='ltr'><strong>impugnandum</strong></span> <span class='ocrx_word' id='word_1_190' title='bbox 603 3139 777 3226; x_wconf 78' lang='lat' dir='ltr'><strong>digitorum</strong></span> <span class='ocrx_word' id='word_1_191' title='bbox 792 3143 882 3206; x_wconf 84' lang='lat' dir='ltr'><strong>certa</strong></span> <span class='ocrx_word' id='word_1_192' title='bbox 896 3131 1068 3218; x_wconf 74' lang='lat' dir='ltr'><strong>mobilitas,</strong></span> <span class='ocrx_word' id='word_1_193' title='bbox 1085 3143 1191 3205; x_wconf 84' lang='lat' dir='ltr'><strong>certus</strong></span> <span class='ocrx_word' id='word_1_194' title='bbox 1203 3139 1356 3226; x_wconf 90' lang='lat' dir='ltr'><strong>unguium</strong></span> 
     </span>
     <span class='ocr_line' id='line_1_26' title="bbox 340 3247 1357 3338; baseline -0.005 -20"><span class='ocrx_word' id='word_1_195' title='bbox 340 3251 433 3338; x_wconf 85' lang='lat' dir='ltr'><strong>uigor</strong></span> <span class='ocrx_word' id='word_1_196' title='bbox 454 3247 649 3333; x_wconf 82' lang='lat' dir='ltr'><strong>definitaque</strong></span> <span class='ocrx_word' id='word_1_197' title='bbox 676 3247 886 3316; x_wconf 85' lang='lat' dir='ltr'><strong>articulorum</strong></span> <span class='ocrx_word' id='word_1_198' title='bbox 910 3247 1015 3335; x_wconf 88' lang='lat' dir='ltr'><strong>figura</strong></span> <span class='ocrx_word' id='word_1_199' title='bbox 1045 3248 1231 3334; x_wconf 73' lang='lat' dir='ltr'><strong>requiritur,</strong></span> <span class='ocrx_word' id='word_1_200' title='bbox 1258 3267 1357 3333; x_wconf 85' lang='lat' dir='ltr'><strong>eaque</strong></span> 
     </span>
     <span class='ocr_line' id='line_1_27' title="bbox 339 3355 1353 3447; baseline -0.005 -20"><span class='ocrx_word' id='word_1_201' title='bbox 339 3361 410 3447; x_wconf 87' lang='lat' dir='ltr'><strong>ipsa</strong></span> <span class='ocrx_word' id='word_1_202' title='bbox 424 3355 505 3424; x_wconf 91' lang='lat' dir='ltr'><strong>alias</strong></span> <span class='ocrx_word' id='word_1_203' title='bbox 532 3357 565 3423; x_wconf 95' lang='lat' dir='ltr'><strong>in</strong></span> <span class='ocrx_word' id='word_1_204' title='bbox 595 3355 727 3442; x_wconf 91' lang='lat' dir='ltr'><strong>reliquis</strong></span> <span class='ocrx_word' id='word_1_205' title='bbox 751 3356 896 3442; x_wconf 88' lang='lat' dir='ltr'><strong>partibus</strong></span> <span class='ocrx_word' id='word_1_206' title='bbox 929 3355 1126 3424; x_wconf 86' lang='lat' dir='ltr'><strong>differentias</strong></span> <span class='ocrx_word' id='word_1_207' title='bbox 1158 3357 1353 3442; x_wconf 87' lang='lat' dir='ltr'><strong>postulant:</strong></span> 
     </span>
     <span class='ocr_line' id='line_1_28' title="bbox 286 3464 1357 3552; baseline -0.006 -16"><span class='ocrx_word' id='word_1_208' title='bbox 286 3487 292 3498; x_wconf 72' lang='lat'><strong><em>⁴</em></strong></span> <span class='ocrx_word' id='word_1_209' title='bbox 340 3469 421 3536; x_wconf 84' lang='lat' dir='ltr'><strong>alias</strong></span> <span class='ocrx_word' id='word_1_210' title='bbox 448 3465 631 3533; x_wconf 82' lang='lat' dir='ltr'><strong>necessario</strong></span> <span class='ocrx_word' id='word_1_211' title='bbox 651 3464 788 3552; x_wconf 88' lang='lat' dir='ltr'><strong>requirit</strong></span> <span class='ocrx_word' id='word_1_212' title='bbox 807 3465 931 3532; x_wconf 86' lang='lat' dir='ltr'><strong>brachii</strong></span> <span class='ocrx_word' id='word_1_213' title='bbox 957 3464 1060 3533; x_wconf 82' lang='lat' dir='ltr'><strong>flexus</strong></span> <span class='ocrx_word' id='word_1_214' title='bbox 1083 3465 1186 3532; x_wconf 79' lang='lat' dir='ltr'><strong>facilis</strong></span> <span class='ocrx_word' id='word_1_215' title='bbox 1216 3464 1357 3534; x_wconf 89' lang='lat' dir='ltr'><strong>humeri·</strong></span> 
     </span>
     <span class='ocr_line' id='line_1_29' title="bbox 272 3572 1357 3666; baseline -0.006 -20"><span class='ocrx_word' id='word_1_216' title='bbox 272 3573 274 3586; x_wconf 61' lang='lat'><strong><em>⁴</em></strong></span> <span class='ocrx_word' id='word_1_217' title='bbox 341 3596 402 3666; x_wconf 89' lang='lat' dir='ltr'><strong>que</strong></span> <span class='ocrx_word' id='word_1_218' title='bbox 416 3577 530 3665; x_wconf 84' lang='lat' dir='ltr'><strong>uigor;</strong></span> <span class='ocrx_word' id='word_1_219' title='bbox 545 3572 624 3643; x_wconf 92' lang='lat' dir='ltr'><strong>illud</strong></span> <span class='ocrx_word' id='word_1_220' title='bbox 640 3595 752 3642; x_wconf 85' lang='lat' dir='ltr'><strong>cursus</strong></span> <span class='ocrx_word' id='word_1_221' title='bbox 763 3575 859 3642; x_wconf 84' lang='lat' dir='ltr'><strong>uelox</strong></span> <span class='ocrx_word' id='word_1_222' title='bbox 875 3575 987 3662; x_wconf 84' lang='lat' dir='ltr'><strong>exigit,</strong></span> <span class='ocrx_word' id='word_1_223' title='bbox 1005 3574 1067 3642; x_wconf 89' lang='lat' dir='ltr'><strong>hoo</strong></span> <span class='ocrx_word' id='word_1_224' title='bbox 1090 3595 1241 3642; x_wconf 89' lang='lat' dir='ltr'><strong>sensuum</strong></span> <span class='ocrx_word' id='word_1_225' title='bbox 1257 3573 1357 3641; x_wconf 90' lang='lat' dir='ltr'><strong>subti-</strong></span> 
     </span>
     <span class='ocr_line' id='line_1_30' title="bbox 341 3683 1354 3792; baseline -0.007 -37"><span class='ocrx_word' id='word_1_226' title='bbox 341 3689 428 3756; x_wconf 83' lang='lat' dir='ltr'><strong>litas,</strong></span> <span class='ocrx_word' id='word_1_227' title='bbox 463 3688 542 3754; x_wconf 88' lang='lat' dir='ltr'><strong>Haeo</strong></span> <span class='ocrx_word' id='word_1_228' title='bbox 572 3685 680 3752; x_wconf 92' lang='lat' dir='ltr'><strong>omnia</strong></span> <span class='ocrx_word' id='word_1_229' title='bbox 706 3685 792 3792; x_wconf 70' lang='lat' dir='ltr'><strong>inteq·</strong></span> <span class='ocrx_word' id='word_1_230' title='bbox 823 3705 857 3750; x_wconf 89' lang='lat' dir='ltr'><strong>se</strong></span> <span class='ocrx_word' id='word_1_231' title='bbox 892 3683 1074 3758; x_wconf 87' lang='lat' dir='ltr'><strong>necessario</strong></span> <span class='ocrx_word' id='word_1_232' title='bbox 1110 3686 1354 3758; x_wconf 80' lang='lat' dir='ltr'><strong>connectuntur.</strong></span> 
     </span>
     <span class='ocr_line' id='line_1_31' title="bbox 343 3793 1357 3884; baseline -0.007 -19"><span class='ocrx_word' id='word_1_233' title='bbox 343 3797 445 3865; x_wconf 92' lang='lat' dir='ltr'><strong>Unius</strong></span> <span class='ocrx_word' id='word_1_234' title='bbox 461 3796 562 3884; x_wconf 89' lang='lat' dir='ltr'><strong>igitur</strong></span> <span class='ocrx_word' id='word_1_235' title='bbox 574 3793 680 3862; x_wconf 88' lang='lat' dir='ltr'><strong>dentis</strong></span> <span class='ocrx_word' id='word_1_236' title='bbox 696 3798 774 3863; x_wconf 90' lang='lat' dir='ltr'><strong>nota</strong></span> <span class='ocrx_word' id='word_1_237' title='bbox 801 3794 905 3882; x_wconf 87' lang='lat' dir='ltr'><strong>figura</strong></span> <span class='ocrx_word' id='word_1_238' title='bbox 932 3793 1095 3860; x_wconf 84' lang='lat' dir='ltr'><strong>definitum</strong></span> <span class='ocrx_word' id='word_1_239' title='bbox 1111 3793 1249 3869; x_wconf 89' lang='lat' dir='ltr'><strong>humeri,</strong></span> <span class='ocrx_word' id='word_1_240' title='bbox 1283 3811 1357 3858; x_wconf 84' lang='lat' dir='ltr'><strong>eon-</strong></span> 
     </span>
     <span class='ocr_line' id='line_1_32' title="bbox 342 3900 1358 3994; baseline -0.008 -22"><span class='ocrx_word' id='word_1_241' title='bbox 342 3905 421 3994; x_wconf 82' lang='lat' dir='ltr'><strong>dyli,</strong></span> <span class='ocrx_word' id='word_1_242' title='bbox 438 3905 631 3994; x_wconf 90' lang='lat' dir='ltr'><strong>ungulorum</strong></span> <span class='ocrx_word' id='word_1_243' title='bbox 647 3906 796 3970; x_wconf 88' lang='lat' dir='ltr'><strong>naturam</strong></span> <span class='ocrx_word' id='word_1_244' title='bbox 811 3903 944 3980; x_wconf 83' lang='lat' dir='ltr'><strong>indicat,</strong></span> <span class='ocrx_word' id='word_1_245' title='bbox 977 3921 1151 3987; x_wconf 89' lang='lat' dir='ltr'><strong>rursusque</strong></span> <span class='ocrx_word' id='word_1_246' title='bbox 1179 3901 1207 3968; x_wconf 90' lang='lat' dir='ltr'><strong>si</strong></span> <span class='ocrx_word' id='word_1_247' title='bbox 1221 3900 1274 3966; x_wconf 84' lang='lat' dir='ltr'><strong>uel</strong></span> <span class='ocrx_word' id='word_1_248' title='bbox 1301 3900 1358 3965; x_wconf 90' lang='lat' dir='ltr'><strong>hu-</strong></span> 
     </span>
     <span class='ocr_line' id='line_1_33' title="bbox 342 4010 1357 4110; baseline -0.008 -28"><span class='ocrx_word' id='word_1_249' title='bbox 342 4035 478 4110; x_wconf 82' lang='lat' dir='ltr'><strong>merum,</strong></span> <span class='ocrx_word' id='word_1_250' title='bbox 495 4013 548 4082; x_wconf 82' lang='lat' dir='ltr'><strong>uel</strong></span> <span class='ocrx_word' id='word_1_251' title='bbox 567 4011 751 4101; x_wconf 84' lang='lat' dir='ltr'><strong>oondylum,</strong></span> <span class='ocrx_word' id='word_1_252' title='bbox 776 4011 829 4078; x_wconf 89' lang='lat' dir='ltr'><strong>vel</strong></span> <span class='ocrx_word' id='word_1_253' title='bbox 849 4032 1000 4100; x_wconf 87' lang='lat' dir='ltr'><strong>unguem,</strong></span> <span class='ocrx_word' id='word_1_254' title='bbox 1023 4010 1076 4077; x_wconf 90' lang='lat' dir='ltr'><strong>vel</strong></span> <span class='ocrx_word' id='word_1_255' title='bbox 1097 4010 1201 4077; x_wconf 87' lang='lat' dir='ltr'><strong>femur</strong></span> <span class='ocrx_word' id='word_1_256' title='bbox 1231 4013 1357 4090; x_wconf 81' lang='lat' dir='ltr'><strong>tantum</strong></span> 
     </span>
     <span class='ocr_line' id='line_1_34' title="bbox 342 4118 1360 4204; baseline -0.008 -13"><span class='ocrx_word' id='word_1_257' title='bbox 342 4122 483 4204; x_wconf 86' lang='lat' dir='ltr'><strong>noveris,</strong></span> <span class='ocrx_word' id='word_1_258' title='bbox 502 4143 543 4190; x_wconf 85' lang='lat' dir='ltr'><strong>ex</strong></span> <span class='ocrx_word' id='word_1_259' title='bbox 557 4123 619 4189; x_wconf 88' lang='lat' dir='ltr'><strong>hoc</strong></span> <span class='ocrx_word' id='word_1_260' title='bbox 633 4121 728 4190; x_wconf 89' lang='lat' dir='ltr'><strong>unioo</strong></span> <span class='ocrx_word' id='word_1_261' title='bbox 744 4119 902 4189; x_wconf 87' lang='lat' dir='ltr'><strong>elemento</strong></span> <span class='ocrx_word' id='word_1_262' title='bbox 924 4119 1067 4196; x_wconf 86' lang='lat' dir='ltr'><strong>dentium</strong></span> <span class='ocrx_word' id='word_1_263' title='bbox 1086 4119 1222 4187; x_wconf 87' lang='lat' dir='ltr'><strong>formam</strong></span> <span class='ocrx_word' id='word_1_264' title='bbox 1244 4118 1360 4186; x_wconf 63' lang='lat' dir='ltr'><strong>certis</strong></span> 
     </span>
    </p>
   </div>
   <div class='ocr_carea' id='block_1_3' title="bbox 0 0 1581 4932">
    <p class='ocr_par' dir='ltr' id='par_1_3' title="bbox 0 0 1581 4932">
     <span class='ocr_line' id='line_1_35' title="bbox 0 0 1581 4932; baseline 0 0"><span class='ocrx_word' id='word_1_265' title='bbox 0 0 1581 4932; x_wconf 95' lang='lat' dir='ltr'><strong> </strong></span> 
     </span>
    </p>
   </div>
  </div>
 </body>
</html>
