3106 4932
783 491 962 556 *cc*-

362 631 489 718 corpori
501 652 536 699 se
551 633 718 700 insinuans
730 633 874 719 spiritus,
890 637 924 700 et
938 615 1070 721 propria
1081 634 1156 701 huic
1167 635 1279 722 generi
1291 655 1376 714 ossa,

360 740 484 808 alarum
500 741 609 808 robori
623 741 716 809 utilia
726 743 779 810 vel
795 737 1166 834 validioribus‘musculis
1177 743 1283 812 locum
1298 766 1381 832 prae·

359 849 483 928 bentia,
512 855 545 920 et
567 843 745 939 pennarum
768 873 861 929 usus,
886 856 919 919 et
932 852 1054 920 »leuitas
1069 853 1204 939 plumae,
1232 858 1266 922 et
1280 856 1380 923 rostri

359 958 537 1045 pedumque
560 960 721 1040 tenuitas,
740 961 963 1047 permultaque
987 961 1054 1028 alia
1067 983 1139 1047 quae
1154 963 1252 1030 etiam
1273 963 1307 1029 in
1322 963 1379 1030 mi-

357 1066 452 1132 nimis
467 1068 612 1154 partibus
625 1069 666 1136 ad
677 1071 903 1138 convenientes
915 1091 993 1138 usus
1004 1059 1252 1140 accommodatis
1268 1071 1377 1141 obser·

358 1179 500 1254 uantur„
566 1261 568 1266 Ι
889 1261 893 1274 ¹

402 1287 601 1372 Quamquam
628 1309 669 1356 ex
691 1289 732 1356 iis
752 1290 899 1376 quaedam
923 1290 958 1357 in
978 1290 1141 1357 nonnullis
1159 1291 1377 1361 animantibus

344 1400 542 1474 occurrunt,
567 1397 621 1483 qui
645 1398 684 1464 iis
711 1401 776 1464 non
808 1403 930 1485 egent:
950 1399 1081 1486 propria
1110 1399 1277 1467 volucrum
1304 1421 1378 1468 ossa

356 1525 467 1590 paucae
487 1527 528 1572 ex
551 1507 809 1592 quadrupedibus
831 1507 989 1588 obtinent,
1017 1513 1050 1576 et
1075 1499 1163 1595 ipsos
1190 1510 1276 1577 inter
1300 1530 1386 1576 aues·
1430 1507 1439 1532 ⁵

356 1633 466 1698 paucae
489 1614 550 1682 alis
565 1604 608 1681 ad
627 1615 800 1684 volandum
820 1637 885 1684 nou
901 1604 1048 1684 utuntur.
1069 1618 1139 1684 Hoc
1154 1622 1206 1686 cst
1220 1618 1306 1684 enim
1321 1639 1378 1692 na-

354 1725 438 1790 turae
460 1729 670 1792 consuetum:
689 1725 798 1793 multis
819 1726 853 1828 in
877 1725 1042 1813 speciebus
1059 1729 1092 1792 et
1107 1725 1178 1812 ipso
1193 1726 1227 1794 in
1248 1727 1377 1794 homine

354 1831 514 1902 elementa
522 1834 669 1921 quaedam
685 1835 796 1903 insunt
811 1855 894 1920 quae,
913 1855 1011 1922 quum
1026 1835 1156 1922 proprio
1172 1836 1249 1902 uitae
1266 1839 1377 1922 generi

353 1941 420 2008 sint
434 1943 572 2020 inutilia,
592 1942 709 2031 exigua
724 1943 777 2011 hic
792 1963 953 2023 mansere,
971 1943 1005 2010 in
1020 1937 1093 2010 aliis
1109 1947 1217 2010 autem
1234 1945 1376 2031 ejusdem

353 2051 482 2136 generis
502 2051 679 2138 speciebus,
705 2073 777 2138 quae
801 2073 913 2119 eorum
941 2072 1001 2138 ope
1025 2050 1175 2140 egebant,
1198 2053 1303 2140 magis
1325 2053 1374 2120 ui-

353 2162 449 2246 gent3
468 2161 524 2228 sed
539 2162 592 2228 hic
607 2163 783 2229 communis
799 2161 991 2248 exemplaris
1006 2165 1135 2228 tautum
1151 2161 1269 2230 indicia
1284 2167 1385 2242 sunt,

352 2271 386 2334 et
399 2249 495 2357 hujus
510 2271 788 2358 necessitatisque
804 2270 1073 2358 omnes'ejusdem
1090 2269 1217 2358 generis
1230 2270 1373 2338 animan·

352 2380 402 2443 tes
419 2381 562 2447 eamdem
578 2381 751 2468 imaginem
764 2379 900 2464 diversis
912 2379 1094 2465 aspectibus
1106 2378 1229 2446 reiense
1242 2375 1379 2448 debant*

352 2487 540 2556 (iurantem
556 2490 625 2577 ipso
641 2490 675 2555 in
691 2489 867 2575 exemplari
882 2489 953 2555 haec
975 2488 1135 2555 elementa
1155 2487 1201 2555 sic
1219 2487 1374 2575 disposita

351 2596 557 2665 continentur
572 2599 585 2665 i
602 2598 701 2665 Nulla
730 2618 863 2684 prorsus
891 2595 986 2684 hujus
1015 2596 1177 2685 generalis
1200 2600 1373 2664 structurae

257 2765 260 2774 .
352 2726 449 2772 causa
471 2697 563 2774 ieddi
588 2710 706 2793 potest,
726 2708 789 2773 nisi
814 2707 855 2772 ad
877 2707 953 2773 boni
982 2711 1015 2774 et
1041 2705 1192 2773 utilitatis
1215 2707 1373 2772 rationem

351 2820 497 2902 spectes;
516 2817 575 2882 has
592 2817 625 2882 in
642 2817 769 2904 generis
786 2816 1001 2902 descriptione
1017 2821 1127 2901 partes
1143 2814 1249 2881 inesse
1258 2816 1372 2882 dicen·

351 2923 425 2990 dum
442 2929 503 3002 est,
525 2925 598 3011 quia
613 2925 773 3011 plerisque
789 2929 847 2992 aut
862 2925 976 2992 saltem
992 2924 1138 3010 pluribus
1159 2925 1253 3011 hujus
1275 2946 1371 3012 gene·

349 3033 395 3097 ris
412 3033 577 3118 speciebus
594 3033 689 3100 utiles
706 3037 800 3100 crant
811 3037 867 3101 aut
876 3033 1079 3100 necessariae.
1101 3033 1193 3108 Quod
1209 3033 1294 3099 enim
1311 3033 1379 3118 alae·

350 3143 564 3209 struthionem
598 3144 638 3209 ad
668 3143 802 3209 celerius
833 3142 1026 3209 currendum
1047 3146 1175 3209 tantum
1205 3141 1368 3228 adjuvent,

351 3249 434 3334 quod
450 3249 522 3315 aliis
543 3251 732 3336 quibusdam
752 3250 864 3318 avibus
884 3250 992 3318 nullus
1008 3271 1120 3317 earum
1140 3250 1182 3317 sit
1198 3261 1286 3328 usus,
1306 3271 1371 3318 non
1473 3302 1475 3311 .

350 3357 500 3424 continuo
522 3358 660 3426 efficitur
673 3360 757 3426 hanc
773 3360 897 3425 alarum
913 3363 1064 3425 naturam
1080 3379 1145 3425 non
1161 3359 1369 3445 compositam

349 3489 420 3534 esse
436 3468 577 3534 adhunc
593 3468 690 3534 finem
706 3475 742 3536 ut
754 3489 862 3535 aerem
874 3469 996 3535 findere
1008 3472 1043 3536 et
1057 3488 1172 3553 corpus
1184 3468 1219 3533 in
1234 3468 1370 3534 sublime

348 3576 440 3674 ferre,
449 3581 591 3664 possent.
611 3579 691 3644 Haec
705 3584 774 3646 tam
791 3583 879 3664 apta,
897 3581 965 3644 tam
977 3577 1132 3644 mirabilis
1141 3577 1237 3665 hujus
1248 3567 1368 3646 instru-

347 3687 448 3754 menti
460 3691 634 3764 structura,
650 3687 703 3754 hic
717 3690 767 3755 tot
782 3687 923 3773 partium
934 3691 1003 3754 tam
1016 3686 1216 3753 diversarum
1228 3686 1269 3753 ad
1285 3707 1370 3753 eum·

347 3796 419 3862 dem
435 3818 528 3863 usum
544 3797 663 3884 optimc
679 3797 925 3885 congruentium
941 3815 1115 3862 concursus
1131 3795 1199 3862 sine
1215 3796 1277 3862 hac
1295 3795 1368 3861 finis

346 3903 472 3970 ratione
488 3906 576 3972 nullo
592 3907 687 3974 modo
710 3906 865 3991 explicari
889 3889 1007 3991 pote'st.
1027 3905 1100 3972 Non
1116 3903 1224 3989 itaque
1239 3907 1366 3970 tantum

346 4010 515 4079 dicendum
529 4019 579 4082 est
594 4035 686 4082 avem
701 4013 812 4082 ‘volare
829 4013 912 4100 quod
927 4033 1050 4099 pennas
1065 4012 1195 4091 habeat,
1214 4012 1271 4079 sed
1286 4033 1364 4100 pen·
1407 4015 1413 4036 ⁸

345 4141 404 4187 nas
420 4121 539 4188 habere
555 4126 592 4190 ut
606 4123 717 4191 volare
733 4123 845 4210 p'ossit.
861 4121 1000 4202 Natura,
1015 4121 1063 4191 ait
1076 4121 1281 4200 Aristoteles,
1299 4141 1364 4190 uon
