3134 4938
620 547 799 614 ..37...

243 693 296 760 Ex
310 693 372 759 hac
387 693 485 760 etiam
500 692 611 759 formae
628 691 740 758 similis
760 691 953 759 necessitate
969 692 1114 777 sequitur
1133 694 1219 761 utin

197 799 360 888 plerisque
388 800 560 868 structuris
588 800 694 885 aliqua
724 800 930 886 reperiantur
957 800 1116 868 elementa
1147 822 1217 887 quae

198 910 328 978 inutilia
341 909 504 986 videntur,
524 909 581 976 sed
597 930 667 994 quae
684 908 756 974 aliis
769 899 911 996 ejus'dem
928 909 1056 996 generis
1073 910 1218 977 animan-

199 1020 286 1087 tibus
298 1020 445 1106 proprios
462 1019 503 1085 ad
518 1039 595 1086 usus
611 1013 794 1085 necessaria
810 1021 914 1095 erant,
933 1017 1067 1103 ideoque
1083 1019 1117 1084 in
1133 1039 1218 1086 eom-

201 1128 288 1194 muni
305 1128 432 1214 generis
448 1132 566 1196 natura
582 1126 739 1193 contineri
756 1125 895 1192 debuere
910 1153 918 1204 ;
936 1125 983 1192 ita
999 1131 1046 1202 ut,
1066 1126 1094 1192 si
1115 1126 1221 1214 cujus-

100 1269 101 1272 *
200 1237 249 1303 vis
272 1238 388 1324 speciei
413 1258 454 1303 ex
474 1237 559 1304 omni
581 1240 672 1322 parte
688 1236 848 1302 rationem
867 1234 1003 1301 reddere
1026 1235 1126 1312 velis,
1154 1235 1222 1302 sere

201 1366 310 1412 omnes
332 1346 518 1432 conjunctas
542 1345 663 1431 species
679 1365 811 1410 necesse
827 1344 870 1410 sit
892 1343 1110 1410 considerare.
1130 1345 1222 1420 Quod

200 1454 450 1540 pulcherrimum
477 1457 604 1520 naturae
631 1451 908 1539 interpretationis
933 1451 1123 1538 principium
1154 1451 1222 1519 fere

199 1562 398 1629 intellexisse
412 1562 542 1628 videtur
553 1562 587 1628 in
594 1563 714 1628 Timaeo
727 1561 834 1644 Plato.
851 1562 955 1636 Quum
968 1561 1055 1626 enim
1068 1561 1219 1640 hominis,
1243 1555 1245 1562 ’

200 1691 295 1757 quem
311 1671 449 1757 primum
469 1672 602 1737 deorum
626 1690 705 1755 opus
727 1669 839 1756 fingit,
858 1659 1103 1735 fabricationem
1128 1690 1223 1735 enar·

199 1785 262 1858 ret,
282 1800 440 1865 quumque
464 1779 624 1845 rationem
648 1781 774 1863 quaerat
795 1797 852 1842 our
872 1777 906 1842 in
922 1777 1056 1842 humani
1077 1777 1222 1862 eorporis

199 1887 414 1973 descriptione
440 1886 531 1974 digiti
552 1887 733 1972 unguiculis
757 1886 870 1952 intecti
892 1869 1038 1960 fuerint,=
1054 1905 1126 1950 eam
1151 1907 1221 1952 esse

198 2017 329 2086 causam
350 1996 396 2063 ait
416 1996 500 2081 quod
524 1996 563 2061 ab
586 1992 769 2062 hominibus
788 1995 822 2060 in
843 1995 908 2060 alia
930 1995 1139 2081 generatione
1163 2015 1222 2080 per

131 2135 134 2144 ⁴
199 2105 378 2172 animorum
393 2105 618 2192 migrationem
635 2103 724 2169 nasei
740 2103 909 2171 debuerint
924 2102 1013 2182 ferae,
1035 2103 1148 2188 quibus
1164 2125 1221 2170 ne-

199 2214 357 2280 cessarius
388 2213 543 2300 unguium
569 2212 653 2280 foret
678 2234 767 2278 usus.
796 2212 859 2280 Sed
886 2213 970 2278 hanc
996 2213 1221 2281 necessitatem

199 2322 390 2392 Aristoteles
406 2344 471 2388 non
487 2343 528 2388 ex
543 2321 619 2389 ficta
634 2322 753 2418 fabula,
773 2323 830 2388 sed
846 2344 886 2387 ex
902 2322 980 2408 ipsis
997 2343 1108 2387 rerum
1124 2343 1220 2409 argu-

199 2432 315 2500 mentis
339 2435 376 2498 ut
394 2452 506 2498 veram
533 2434 660 2497 naturae
682 2430 786 2518 legem
812 2431 924 2511 traxit.
951 2431 1013 2496 Illa
1037 2430 1221 2497 describens

200 2543 438 2606 crustaoeorum
459 2560 591 2626 genera,
610 2560 747 2624 quorum
764 2538 1003 2624 comparatione
1023 2539 1221 2606 recentiores

201 2647 235 2712 in
247 2647 431 2733 detegendis
447 2647 657 2735 philosophiae
670 2647 844 2734 zoologicae
860 2646 985 2733 legibus
998 2656 1144 2732 persaepe
1159 2647 1222 2713 nisi

203 2759 288 2832 sunt,
311 2755 463 2841 plurimas
483 2759 630 2850 recenset
653 2755 770 2841 pedum
791 2752 838 2845 (l)
864 2755 1059 2828 mutationes
1079 2780 1086 2830 ;
1105 2755 1221 2842 quippe

201 2863 253 2948 qui
275 2865 310 2930 in
327 2864 398 2930 aliis
416 2865 457 2930 ad
479 2865 673 2930 currendum
697 2867 825 2932 tantum
846 2864 925 2951 apti,
953 2863 985 2928 in
1010 2863 1082 2929 aliis
1100 2863 1141 2930 ad
1165 2885 1221 2929 na-

197 2973 331 3040 tandum
351 2973 495 3048 latiores,
516 2974 629 3059 quibus
650 2973 741 3059 quasi
759 2973 857 3040 remis
885 2972 1005 3038 animal
1036 2975 1167 3051 utatur3
1187 2973 1221 3039 in

132 3161 135 3168 Ι
197 3083 306 3149 multis
328 3082 395 3148 bini
415 3083 595 3150 anteriores
615 3081 745 3168 forcipis
765 3083 799 3148 in
821 3081 958 3169 figuram
985 3081 1046 3146 cibi
1074 3081 1220 3167 capiendi

197 3193 303 3278 gratia
330 3197 498 3268 crescunt;
532 3193 566 3257 in
594 3192 716 3277 squillis
744 3191 877 3277 quidem¹
904 3190 1133 3258 animadvertit
1158 3191 1219 3258 h'oc

197 3297 401 3366 brachiorum
421 3301 582 3386 peculiare
599 3303 807 3386 augmentum
831 3300 943 3366 deesse
966 3299 1142 3385 majorique
1163 3320 1218 3386 pe-

198 3409 273 3473 dum
290 3429 423 3474 numero
443 3409 654 3495 compensari,
674 3409 731 3474 sed
746 3409 780 3474 in
796 3407 986 3493 quibusdam
1003 3407 1076 3473 aliis
1101 3409 1220 3493 speeie-

197 3516 257 3582 bus
280 3516 416 3604 forcipes
436 3500 590 3594 manere,
617 3517 762 3603 quamvis
794 3518 920 3604 gressui
948 3519 1077 3584 tantum
1108 3516 1215 3593 utiles,

198 3625 320 3692 nullam
336 3626 432 3692 aliam
449 3625 646 3704 cheensem,
665 3626 728 3692 nisi
745 3626 828 3711 quod
850 3624 951 3692 talem
966 3624 1082 3690 horum
1098 3624 1218 3692 instru-

197 3738 379 3801 mentorum
395 3734 531 3804 formam
548 3735 728 3800 contineret
745 3733 873 3820 generis
884 3735 1014 3809 natura,
1027 3753 1069 3798 ex
1081 3753 1141 3818 quo
1154 3732 1219 3800 illae

199 3844 320 3930 speeies
347 3844 537 3930 penderent.
563 3843 664 3910 Simili
692 3843 819 3909 ratione
843 3841 1128 3908 struthiocamelus
1157 3838 1216 3932 (2),

234 4083 265 4148 tlt
285 4085 325 4139 De
338 4088 411 4155 pert.
429 4081 530 4154 enirm,
547 4085 592 4154 lv,
607 4085 633 4140 8.

237 4191 269 4253 ta)
291 4191 331 4245 De
345 4193 420 4262 part.
437 4187 539 4260 anim,
554 4191 600 4260 lv,
611 4192 655 4246 ll.
