3134 4938
616 561 795 632 ...43-

196 714 339 790 servent,
361 711 501 796 etquasi
522 710 645 778 fruetus
661 710 857 796 intempore
880 709 996 776 ferant.
1023 705 1114 785 Mox,
1138 709 1213 798 glis·-
1344 706 1349 720 ‘

194 825 287 888 cente
303 840 398 886 sensu
408 873 423 913 ,κ
439 841 517 887 eura
532 820 679 905 quaedam
704 818 923 918 simularitur
942 837 1052 912 eorum
1068 819 1122 904 qui
1137 837 1211 906 pro-

189 929 296 995 ¹creati
320 932 411 1003 sunt,
432 949 511 1014 quos
525 931 635 994 tamen
656 926 820 994 breviant
844 927 959 994 saltem
979 927 1106 995 adultos
1122 927 1212 994 dese.-

194 1040 281 1106 runt.
306 1019 428 1104 Eorum
453 1037 588 1122 denique
601 1042 683 1122 'quae
709 1035 865 1102 memoria
892 1039 925 1102 et
951 1035 1085 1103 solertia
1109 1033 1213 1123 magis

194 1144 322 1232 uigent,
342 1145 494 1214 diuturna
517 1148 626 1214 manet
649 1144 787 1212 societas
806 1169 813 1209 :
832 1144 866 1210 in
881 1141 932 1210 his
955 1163 1111 1230 apparere
1135 1141 1213 1210 inei-

68 1319 70 1326 ,
196 1254 289 1340 piunt
313 1254 442 1339 quidam
466 1253 564 1320 animi
588 1253 717 1320 habitus
734 1257 766 1319 et
781 1252 899 1318 indicia
919 1271 1059 1330 morum,
1079 1253 1214 1339 quorum

195 1363 337 1429 varietas
352 1362 387 1429 in
406 1361 536 1428 homine
560 1362 663 1448 magis
679 1367 729 1430 est
752 1362 924 1448 conspicua
939 1366 972 1429 et
990 1361 1087 1428 latius
1103 1365 1212 1448 patet;

195 1474 230 1537 et
245 1471 314 1559 jam
329 1471 457 1539 videtur
480 1470 513 1536 in
529 1471 601 1536 aliis
621 1471 726 1536 inesse
741 1469 968 1546 mansuetudo,
988 1469 1022 1536 in
1041 1470 1114 1536 aliis
1137 1469 1214 1536 ieri-

194 1585 258 1658 tas,
275 1580 330 1646 hie
346 1580 480 1658 lenitas,
498 1578 564 1646 illie
580 1579 721 1657 saevitia,
740 1583 809 1646 tum
825 1579 974 1656 audacia,
993 1583 1114 1656 metus,
1132 1578 1214 1646 fidu·
1244 1583 1247 1606 '

193 1688 262 1766 oia,
289 1687 464 1766 calliditas,
492 1687 556 1754 imo
580 1688 715 1755 rationis
739 1693 773 1788 et
796 1687 1018 1775 intelligentiae
1041 1687 1209 1775 imagines.
1326 1721 1328 1726 ·

193 1799 337 1866 Mentem
365 1797 491 1882 quidem
518 1817 595 1863 uero
625 1796 832 1883 intelligendo
860 1800 975 1896 aptam·
996 1797 1091 1863 homo
1126 1797 1214 1865 solus

193 1905 319 1974 obtinet
337 1932 345 1972 ι
364 1905 447 1990 quod
462 1905 497 1971 in
512 1925 549 1970 eo
569 1925 639 1984 ars,
659 1906 846 1992 prudentia,
866 1905 1024 1992 sapientia
1047 1908 1211 1991 operatur,

194 2014 228 2082 id
242 2015 277 2081 in
300 2013 412 2081 bestiis
433 2013 484 2080 vis
505 2014 835 2099 quaedamnatnralis
858 2014 982 2082 efficit:
1006 2014 1214 2082 hortantum

194 2123 401 2210 proportione
420 2119 476 2210 (τῷ
491 2121 651 2214 ἀνάλογον)
667 2123 852 2190 animalium
869 2143 967 2210 opera
989 2123 1154 2191 hominum
1170 2124 1215 2190 la·

194 2232 324 2300 boribus
346 2233 555 2318 respondent.
575 2233 637 2302 Sed
653 2252 778 2319 eaquae
799 2233 841 2298 ad
856 2233 1035 2299 animorum
1059 2237 1165 2300 motus
1181 2236 1215 2300 et

196 2362 309 2408 sensus
324 2340 503 2428 pertinent,
523 2341 564 2406 ad
579 2340 664 2408 idem
680 2361 781 2428 genus
804 2341 837 2408 in
853 2341 983 2408 homine
1000 2343 1034 2407 et
1047 2341 1081 2408 in
1097 2341 1215 2408 ceteris

195 2449 385 2518 animalibus
400 2448 515 2516 referri
532 2452 678 2535 possunt,
699 2450 732 2516 vi
747 2449 898 2535 inaequali
915 2455 949 2518 et
964 2449 1070 2536 speeie
1085 2451 1213 2517 tantum

196 2557 386 2626 differentia.
402 2559 494 2634 Quod
506 2558 624 2625 elarius
641 2558 739 2626 etiam
754 2558 887 2644 patebit,
904 2560 931 2624 si
947 2561 1119 2645 puerorum
1137 2561 1214 2626 aeta-

197 2665 263 2731 tem
287 2665 538 2734 consideraveris
558 2667 618 2733 :in
640 2666 691 2732 his
707 2687 839 2732 eernere
863 2667 939 2734 licet
963 2665 1071 2732 omnia
1089 2665 1213 2734 futuro-

197 2794 270 2839 rum
285 2770 409 2840 mor'um
423 2781 519 2860 atque
542 2775 685 2841 indolum
708 2775 827 2842 indicia
847 2779 880 2842 et
892 2775 1044 2853 'semina;
1062 2794 1123 2841 neo
1142 2774 1211 2842 iere

194 2883 229 2950 in
243 2883 306 2948 hae
330 2886 425 2952 aetate
446 2884 617 2951 infantium
639 2884 766 2950 animus
790 2883 1003 2952 abelluarum
1030 2883 1138 2950 anima
1154 2883 1212 2952 dil
1348 2970 1350 2980 Ι

193 2990 279 3057 ferre
294 2991 450 3081 uidetur(
474 2991 498 3084 ).
528 3025 543 3050 n

212 3137 217 3156 ι
240 3130 256 3154 0·
282 3101 343 3166 His
359 3101 459 3187 igitur
475 3100 627 3188 gradibus
642 3101 712 3168 uita
726 3084 767 3168 ab
789 3102 908 3169 bonum
932 3106 965 3170 et
985 3100 1213 3190 perlectionem
1338 3083 1341 3094 ’

194 3209 369 3296 procedit:
397 3209 554 3296 simulque
575 3210 646 3297 pari
670 3211 896 3298 progressione
913 3211 1057 3298 eorporis
1083 3210 1212 3277 habitus

194 3320 349 3384 mutatur.
379 3319 498 3395 Homo,
521 3339 618 3404 quum
643 3318 786 3387 animum
804 3319 925 3387 habeat
949 3318 1104 3396 divinum,
1130 3337 1213 3388 unos

192 3429 320 3494 erectus
331 3429 382 3494 est
400 3454 407 3493 ε
427 3417 507 3493 nihil
523 3431 574 3494 est
589 3427 674 3494 enim
689 3432 756 3496 tam
766 3428 909 3496 diuinum
925 3449 1016 3515 quam
1031 3427 1212 3514 intelligere

193 3538 227 3602 et
243 3553 356 3622 sapere
369 3533 429 3625 (2).
445 3535 559 3622 Itaque
579 3536 724 3624 eorporis
738 3537 872 3604 humani
891 3555 970 3624 pars
992 3535 1138 3622 superior
1162 3535 1210 3602 in·

191 3641 342 3712 seriorem
364 3643 448 3711 mole
471 3635 537 3711 non
562 3649 717 3732 superat;
740 3645 851 3714 sedin
874 3643 1001 3713 caeteris
1021 3643 1211 3712 animalibus

193 3753 318 3838 pondus
333 3755 471 3841 augetur
486 3757 520 3820 et
535 3758 632 3841 eaput
646 3753 687 3822 ad
701 3757 825 3822 terram
843 3753 1005 3840 deprimit.
1023 3754 1097 3845 Ipse
1113 3752 1210 3828 etism

215 4065 262 4130 ull
282 4061 354 4122 Hisl.
375 4062 466 4124 anim.
486 4067 558 4132 v111,
574 4068 600 4124 1.

227 4187 260 4257 (a)
280 4189 413 4290 repara.
434 4189 525 4248 anim.
547 4192 652 4258 lv,10.
