3106 4932
757 439 936 537 *vsp-
994 525 996 528 ,

338 610 592 688 commoditates,
612 610 653 676 ad
677 609 1198 680 instrumentorum*subtilitatem
1218 609 1357 696 propriis

338 720 524 787 muneribus
545 719 758 806 aptissimam,
776 721 818 788 ad
840 725 991 788 sensuum
1015 723 1047 787 et
1069 740 1202 806 operum
1217 719 1357 786 varieta-

332 823 479 906 ¹tem,sed
492 828 533 896 ad
543 848 637 896 omne
653 829 750 895 etiarn
766 828 1013 915 pulchritudinis
1029 849 1142 914 genus,
1157 828 1199 893 ad
1211 827 1357 894 omnium

337 936 513 1004 formarum
524 957 583 1024 per
591 957 629 1002 se
637 942 669 1005 ct
681 943 833 1024 separata
844 937 984 1005 utilitate
994 937 1183 1004 eximiarum
1195 937 1354 1013 decorem,

337 1049 553 1123 venustatem,
578 1046 780 1133 dignitatern.
802 1047 894 1123 Quod
916 1047 1020 1132 magis
1042 1047 1140 1114 etiam
1155 1046 1358 1132 perspicuum
1414 1139 1417 1148 V

338 1155 437 1228 estin
453 1155 583 1242 plantis.
601 1157 730 1230 Quanta
745 1156 830 1223 inter
846 1176 900 1223 eas
912 1155 1073 1236 foliorum,
1089 1161 1209 1242 quanta
1224 1175 1358 1242 praeser-

337 1262 397 1329 tim
422 1261 538 1330 florum
563 1263 800 1344 dissimilitudo,
815 1265 895 1360 'sive
919 1265 953 1331 in
974 1265 1073 1332 ramis
1101 1264 1353 1351 dispositionem,

339 1371 406 1437 sive
429 1374 572 1458 partium
598 1393 751 1440 numeros
778 1377 811 1440 et
835 1374 927 1450 situs,
956 1374 1024 1462 sive
1047 1373 1302 1461 magnitudinem
1325 1376 1358 1440 et

338 1479 459 1567 figuras
475 1483 680 1576 inspexeris?
703 1485 846 1558 Quarum
867 1484 1116 1570 descriptionum
1133 1483 1239 1570 gratia
1255 1487 1287 1549 et
1302 1503 1356 1548 ve-

337 1593 451 1656 nustas
476 1589 636 1656 neminem
656 1591 750 1678 fugit,
776 1591 900 1659 utilitas
924 1613 1002 1660 vero
1023 1593 1140 1678 saepius
1166 1593 1258 1659 latet.
1290 1591 1359 1658 Nec

337 1696 468 1764 'defuere
487 1702 598 1766 tamen
620 1698 748 1785 quibas
766 1698 964 1767 differentias
981 1701 1077 1767 certis
1102 1700 1212 1767 usibus
1236 1699 1358 1766 adscri-

338 1806 415 1872 bere
436 1809 647 1886 tentaverint,
676 1809 710 1874 in
734 1808 923 1894 quibusdam
939 1809 1109 1896 generibus
1129 1831 1218 1888 vere,
1234 1809 1271 1874 in
1287 1807 1358 1874 aliis

337 1914 437 1980 nimia
459 1937 519 1982 nec
546 1916 624 1984 satis
649 1917 801 2002 prudenti
825 1917 1026 1995 subtilitate;
1053 1919 1109 1984 sed
1134 1938 1230 2003 quam
1256 1916 1358 1984 multa

340 2027 415 2092 sunt
435 2045 573 2110 quorum¹
593 2025 766 2092 utilitatem
789 2025 911 2094 frustra
927 2025 972 2092 sic
993 2003 1219 2112 inquisiverist
1235 2025 1357 2092 Eadem

340 2133 424 2199 enim
440 2133 530 2200 floris
551 2133 711 2200 elementa
725 2135 760 2200 in
775 2133 847 2200 aliis
863 2133 992 2212 adsunt,
1011 2135 1045 2201 in
1060 2134 1131 2200 aliis
1153 2135 1280 2213 desunt,
1299 2153 1357 2200 nec

339 2243 421 2308 utris
437 2243 654 2309 commodiora
669 2241 806 2340 fuissent
820 2241 913 2310 facile
930 2243 1068 2320 dixeris;
1084 2227 1260 2328 saepissime
1275 2240 1356 2328 figu-

338 2371 409 2416 ram
424 2355 482 2418 aut
496 2351 600 2420 locum
617 2355 751 2430 mutant,
769 2351 915 2438 quamvis
930 2351 1011 2417 nihil
1026 2351 1193 2429 incorum
1216 2350 1357 2417 muneri-

342 2458 401 2526 bus
426 2464 584 2538 mutatum
601 2481 671 2527 esse
699 2460 858 2528 videatur.
878 2459 961 2535 Quid
981 2461 1020 2526 de
1041 2460 1183 2546 colorum
1199 2459 1359 2556 exquisita

340 2569 520 2636 varietate?
534 2570 619 2637 Num
632 2591 742 2636 eorum
759 2569 855 2638 etiam
868 2569 1006 2656 aliquem
1023 2589 1093 2635 esse
1108 2589 1202 2636 usum
1218 2567 1357 2634 dixeris?
1451 2613 1453 2618 -

315 2677 446 2764 ·Atque
474 2679 602 2746 omnino
632 2679 803 2746 innumera
833 2678 980 2764 illatam
1011 2678 1179 2764 multiplici
1206 2677 1360 2765 adspectu

341 2787 525 2872 plantarum
549 2807 679 2874 genera,
707 2787 820 2872 quibus
841 2807 929 2872 saepe
957 2786 1130 2873 persimilis
1148 2786 1278 2853 vivendi
1291 2805 1360 2852 mo-

340 2896 411 2974 dus,
419 2901 453 2963 ct
464 2896 497 2963 in
509 2917 700 2982 unoquoque
714 2916 832 2984 genere
845 2895 973 2962 infinita
984 2897 1162 2982 specierum
1173 2893 1358 2970 diversitas,

340 3007 390 3071 tot
404 3005 556 3072 arborum
572 3004 786 3092 fruticumque
797 3008 923 3072 naturae
936 3024 1007 3090 quae
1023 3004 1182 3090 profunda
1197 3003 1361 3092 sylvarum

257 3141 258 3146 ¹
340 3113 460 3192 colunt,
479 3117 529 3180 tot
554 3096 735 3201 graminum
759 3113 873 3200 quibus
902 3113 1139 3199 pratavirent,
1161 3115 1212 3178 tot
1234 3132 1369 3178 musco-v

341 3242 413 3290 rum
437 3223 490 3308 qui
513 3244 611 3308 rupes
635 3225 788 3302 vestiunt,
809 3227 861 3291 tot
883 3221 1000 3288 florum
1030 3223 1143 3308 quibus
1160 3206 1300 3307 campos
1328 3224 1362 3288 et

341 3335 467 3398 montes
488 3331 629 3400 vicissim
652 3334 789 3420 pingunt
804 3331 881 3398 anni
897 3335 1055 3418 tempora,
1073 3353 1114 3398 ne
1132 3329 1362 3399 multiformem

329 3440 428 3514 illam
453 3461 626 3509 memorem
650 3441 822 3527 fungorum
849 3439 1058 3527 algarumque
1087 3439 1216 3518 seriem,
1249 3459 1360 3505 omnes

341 3548 677 3637 figuras'imitantem,
695 3549 766 3616 haec
788 3549 1046 3628 anteverteras
1072 3547 1294 3615 differentibus
1316 3540 1366 3614 vil

341 3658 437 3725 vendi
464 3657 697 3726 conditionibus
725 3655 948 3742 differentique
971 3658 1048 3724 vitae
1072 3657 1361 3725 instrumentorum

341 3786 402 3834 usu
426 3767 589 3854 explicari
601 3788 666 3833 non
686 3771 819 3853 potest:
839 3767 895 3833 'hic
916 3771 1043 3834 tantum
1059 3766 1248 3832 immensam
1270 3784 1361 3832 suam

342 3875 456 3964 pandit
475 3879 508 3944 et
527 3876 561 3958 in
580 3875 750 3944 fundendis
770 3874 886 3954 fetibus
906 3875 1134 3944 fecunditatem
1152 3874 1233 3942 etin
1249 3872 1362 3940 distin*

343 3985 478 4076 guendis
500 3985 711 4052 subtilitatem
731 3989 850 4052 natura
872 3986 987 4050 dadolo
1002 4005 1121 4063 rerum·
1139 3984 1228 4072 cujus
1243 3983 1272 4049 is
1287 3982 1361 4049 finis

335 4087 415 4176 'esse
441 4094 579 4175 videtur,
598 4099 636 4163 ut
659 4099 814 4162 aeternam
842 4093 1065 4181 expletamque
1091 4091 1362 4181 pulchritudinem
