3106 4932
791 549 971 617 ..74-

419 696 590 774 Caeterum,
603 696 630 760 si
645 695 774 764 illarum
798 695 976 781 specierum
998 715 1069 780 quae
1081 695 1116 762 in
1131 694 1267 766 diversis
1279 696 1392 763 mundi

322 831 323 840 ¹
374 803 522 872 aetatibus
537 803 677 870 vicissim
702 825 880 891 apparuere
893 803 1038 871 ordinem
1050 804 1218 884 intuearis,
1234 805 1319 871 hanc
1330 805 1392 872 for-

373 933 498 981 marum
510 914 741 980 successionem
753 935 818 981 non
828 918 896 981 tam
907 935 1016 980 rerum
1032 914 1229 982 exteriorum
1245 916 1393 983 mutatio

371 1043 412 1088 ne
432 1023 647 1088 necessariam
662 1043 732 1089 esse
744 1021 874 1102 factam,
888 1025 925 1090 ut
942 1023 1033 1089 novis
1047 1023 1283 1089 conditionibus
1298 1043 1390 1091 novae

290 1141 293 1148 '
372 1107 544 1200 structrirae
575 1132 904 1210 accommodarentur,
927 1153 1021 1217 quam
1050 1132 1091 1197 ab
1126 1125 1234 1200 altiori
1256 1133 1392 1218 quadam

371 1243 497 1308 naturae
507 1242 577 1328 lege
590 1244 623 1306 et
637 1241 782 1327 potentia
793 1241 969 1327 profectam
986 1239 1057 1306 esse
1069 1239 1162 1306 facile
1179 1261 1344 1328 agnosces.
1358 1241 1390 1308 Si

372 1350 499 1435 quidem
515 1363 569 1416 ea's
584 1349 713 1437 plantas
729 1371 800 1436 quae
823 1351 857 1416 iu
872 1347 991 1414 infimis
1008 1349 1302 1435 antiquissimisque
1317 1370 1390 1434 pro-

371 1459 542 1526 fundarum
565 1463 727 1526 terrarum
744 1460 856 1545 spatiis
877 1461 1062 1535 occurrunt,
1082 1479 1153 1524 cum
1174 1459 1327 1546 praesenti
1343 1479 1392 1524 ar-

372 1569 484 1636 borum
504 1569 740 1655 herbarumque
755 1569 916 1636 varietate
928 1569 1145 1648 contenderis,
1165 1589 1204 1634 ea
1222 1589 1293 1654 quae
1308 1591 1391 1636 nunc

371 1679 549 1766 gignuntur
563 1679 705 1764 partium
721 1677 926 1745 multitudine
943 1681 976 1744 et
992 1678 1180 1744 diversitate
1192 1678 1389 1764 praesertim·

372 1809 432 1874 que
448 1786 565 1855 florum
588 1788 680 1873 copia
698 1792 730 1855 et
748 1786 986 1873 pulchritudine
1003 1786 1227 1872 fructuumque
1243 1787 1391 1855 ubertate

370 1895 464 1982 longe
476 1895 692 1982 praestabunt:
706 1897 842 1962 adhunc
854 1916 930 1962 vero
943 1895 1172 1981 perfectionem
1184 1900 1304 1964 natura
1317 1917 1391 1984 gra-

371 2004 471 2072 datim
483 2005 639 2081 ascendit,
662 2004 708 2071 ita
732 2008 769 2071 ut
784 2004 1028 2092 interjectarum
1047 2009 1179 2072 aetatum
1196 2005 1341 2081 arbores,
1355 2009 1392 2072 ut

370 2113 578 2200 primigenias
591 2117 755 2199 superent,
777 2114 823 2179 sio
838 2115 959 2180 nostris
972 2114 1038 2181 sint
1050 2113 1228 2192 inferiores
1253 2119 1287 2181 et
1302 2115 1392 2200 quasi

371 2221 510 2289 medium
519 2222 686 2308 dignitatis
695 2222 800 2288 locum
807 2225 952 2288 teneant.
970 2222 1121 2307 Idemque
1134 2223 1391 2290 animadvertere

370 2331 446 2398 licet
460 2331 493 2396 in
509 2331 710 2408 animalibus
726 2331 908 2417 praesertim
926 2331 952 2396 si
969 2351 1008 2396 ea
1024 2352 1144 2418 genera
1155 2331 1307 2417 inspicias
1320 2353 1389 2418 quae

370 2440 474 2526 prima
491 2440 524 2506 in
548 2440 610 2505 hoc
626 2423 737 2506 ordine
753 2439 926 2516 habentur,
946 2459 1061 2525 nempe
1076 2440 1275 2507 vertebrata.
1295 2441 1389 2506 Prin-

370 2548 452 2636 cipio
473 2549 558 2615 enim
577 2549 637 2614 soli
664 2549 768 2636 pisces
795 2550 965 2634 apparent,
994 2569 1070 2614 mox
1093 2549 1233 2634 reptilia,
1262 2550 1389 2634 quaein

371 2658 510 2725 secunda
529 2659 585 2724 illa
606 2663 787 2745 temporum
804 2658 888 2723 serie
909 2656 1125 2744 principatum
1149 2657 1308 2736 obtinent,
1331 2659 1388 2725 im·

369 2769 456 2836 mani
471 2767 691 2854 magnitudine
707 2767 880 2852 conspicua
894 2793 902 2844 ;
921 2767 1105 2832 novissima
1121 2771 1301 2834 nascuntur
1315 2787 1389 2834 aves

370 2881 403 2944 et
419 2876 638 2952 mammiferae,
651 2881 684 2944 et
694 2875 788 2942 inhis
804 2874 897 2941 multi
913 2872 1017 2941 adhue
1032 2874 1246 2943 observantur
1257 2875 1386 2964 gratim,

351 2988 353 2994 ’
369 2986 409 3053 ab
422 2986 461 3053 iis
477 3005 556 3072 quas
571 2983 760 3073 didelphyes
775 2988 894 3051 vocant
910 2986 943 3049 et
958 3003 980 3049 a
995 2987 1140 3050 cetorum
1165 2989 1262 3071 gente
1277 2985 1320 3052 ad
1336 3003 1387 3051 eas

370 3115 442 3181 quae
457 3093 566 3160 herbis
582 3097 615 3160 et
630 3093 744 3181 deinde
760 3091 802 3158 ad
817 3111 873 3157 eas
889 3111 961 3176 quae
976 3113 1074 3158 earne
1086 3097 1274 3171 vescuntur,
1289 3093 1388 3160 donec

370 3203 483 3270 ultima
499 3223 685 3289 summaque
700 3200 866 3274 hominurn
887 3197 992 3265 forma
1011 3205 1178 3286 appareat.
1197 3201 1338 3269 Videtur
1356 3201 1388 3268 in

369 3312 431 3380 hoc
453 3315 582 3388 natura,
609 3309 700 3397 quasi
720 3310 909 3386 consuetam
929 3308 1170 3393 ponderationis
1192 3309 1299 3398 legem
1321 3331 1386 3378 ser·

369 3442 461 3500 vans,
481 3419 608 3508 singula
623 3438 744 3507 genera
764 3417 799 3483 in
822 3415 957 3503 singulis
979 3416 1129 3485 aetatibus
1150 3417 1262 3484 formis
1277 3439 1387 3486 nume·

370 3529 545 3603 rosioribus
569 3533 610 3595 et
622 3525 851 3614 insignioribus
872 3545 1054 3605 exornare3
1074 3527 1131 3594 sed
1147 3529 1291 3614 quamvis
1310 3528 1388 3595 nihil

369 3661 510 3730 unquam
529 3639 628 3708 faciat
657 3637 741 3723 quod
767 3636 802 3702 in
818 3656 853 3702 se
871 3635 914 3703 sit
935 3635 1169 3722 imperfectum,
1187 3637 1386 3725 praestantis-

370 3751 452 3818 sima
471 3769 605 3836 quaeque
624 3750 733 3814 tamen
753 3745 794 3812 ad
812 3747 992 3812 extremum
1015 3749 1160 3831 generat.
1188 3747 1267 3822 Quae
1290 3745 1389 3834 igitur

290 3836 295 3858 ⁸
369 3860 456 3928 illius
471 3857 644 3926 crescentis
660 3854 866 3944 perfectionis
882 3874 981 3922 causa
998 3855 1071 3922 esti
1088 3853 1182 3922 Unde
1196 3853 1254 3920 illa
1269 3875 1388 3942 perpe·

371 3973 428 4038 tua
447 3969 489 4036 ad
510 3967 644 4035 meliora
665 3964 869 4054 progressior
886 3964 948 4031 Hic
967 3983 1070 4050 neque
1093 3963 1260 4031 fortuitam
1279 3982 1389 4032 causa·

372 4099 445 4146 rum
471 4078 667 4145 exteriorum
697 4073 901 4142 efficientiam
931 4071 1135 4160 praetendere
1154 4072 1253 4152 *hcet
1285 4091 1388 4158 neque

373 4189 469 4258 istam
484 4185 721 4264 necessitatem,
740 4203 812 4270 quae
827 4181 969 4252 omnium
984 4181 1079 4250 hodie
1094 4182 1270 4251 viventium
1282 4184 1386 4250 struc-
