3134 4938
351 1263 564 1346 PARS
613 1217 1006 1348 'SECUNDA

102 1675 107 1682 ι
185 1589 234 1657 De
251 1591 364 1673 tepidos
380 1587 485 1671 quibus
500 1587 701 1651 ooimoottoro
716 1587 814 1668 lormo
830 1596 859 1650 et
874 1584 1032 1669 descriptio
1048 1585 1174 1668 rapitur.

214 1973 241 2038 I.
269 1970 414 2038 Primum
432 1969 558 2055 quidem
575 1971 609 2036 et
624 1969 800 2036 maximum
815 1970 849 2035 in
865 1969 1070 2057 philosophia
1084 1969 1188 2038 zoolo·

168 2079 242 2166 gica
262 2077 453 2165 principium
481 2077 570 2155 illud,
601 2097 672 2142 esse
699 2077 734 2144 in
763 2098 952 2165 unoquoque
974 2077 1186 2146 animantium

170 2207 287 2272 genere
302 2185 533 2252 immutabilem
550 2185 720 2274 quamdam
742 2185 896 2265 formam,
909 2180 972 2272 qua
987 2185 1187 2253 inomnibus

170 2285 322 2381 subjectis
350 2277 516 2380 speciebus
538 2293 628 2379 quasi
656 2295 811 2380 praesenti
832 2315 947 2362 norma
968 2294 1113 2381 corporis
1130 2293 1186 2360 de·

171 2401 302 2487 scriptio
325 2402 467 2488 regitur,
490 2401 537 2470 ita
556 2407 606 2480 ut,
627 2403 771 2488 quamvis
795 2423 905 2470 omnes
931 2406 1041 2490 partes
1068 2402 1186 2490 figura,

170 2509 387 2597 proportione,
406 2510 627 2598 magnitudine
643 2516 700 2578 aut
714 2511 890 2588 tenuitate,
909 2510 1099 2596 caeterisque
1114 2531 1187 2597 quae

88 2612 92 2617 ’
173 2617 317 2684 sensibus
340 2619 571 2706 percipiuntur,
587 2619 759 2686 admodum
779 2619 906 2686 variare
922 2619 1057 2705 possint,
1076 2638 1187 2686 aarum

174 2728 283 2792 tamen
304 2747 425 2794 summa
446 2728 532 2794 inter
552 2748 586 2794 se
607 2726 773 2814 dispositio
792 2730 825 2794 et
847 2726 1001 2794 connexio
1023 2746 1186 2812 nunquam

172 2837 348 2912 mutentur,
364 2836 542 2922 saepiusque
558 2836 693 2922 singulae
709 2857 751 2903 ex
765 2836 878 2903 iisdem
894 2835 1060 2902 elementis
1076 2834 1187 2904 simili·

127 2935 130 2942 ’
171 2946 224 3010 ter
238 2943 350 3012 locatis
366 2946 550 3031 compositae
572 2948 735 3014 maneant.
754 2946 793 3012 In
813 2944 938 3012 infinito
961 2945 1045 3011 enim
1068 2945 1185 3012 forma·

168 3072 243 3120 rum
258 3073 336 3139 quas
348 3055 543 3141 cogitatione
558 3054 724 3141 concipere
740 3053 816 3120 licet
830 3075 976 3132 numero,
995 3073 1114 3141 paucas
1129 3073 1186 3120 na-

53 3236 60 3246 ,
168 3164 244 3230 tura
258 3162 386 3230 videtur
401 3163 549 3254 elegisse,
564 3183 643 3249 quas
658 3163 743 3232 solas
763 3163 797 3229 in
816 3161 975 3249 fingendis
993 3161 1185 3228 animalibus

168 3269 357 3347 adhiberet;
375 3291 510 3356 quarum
526 3291 780 3358 unamquamque
802 3269 979 3346 innumeris
995 3268 1184 3338 differentiis

129 3413 132 3434 ·
167 3378 394 3466 distingueret,
413 3378 454 3445 ad
476 3379 620 3448 diversas
644 3379 843 3470 conditiqnes
859 3379 948 3446 etad
967 3379 1186 3448 diversissima

166 3487 296 3554 vivendi
308 3508 430 3576 genera
444 3488 711 3582 accommodaret,
730 3489 787 3554 sed
802 3487 949 3554 eumdem
964 3487 1186 3571 ⁸membrorum

166 3601 315 3670 ordinem
330 3621 465 3668 servans
488 3606 521 3668 et
536 3600 707 3670 definitum
722 3601 857 3688 singulis
878 3599 1047 3667 elementis
1066 3599 1183 3667 locum.
1236 3579 1250 3636 s

212 3712 307 3777 Hanc
323 3731 506 3796 supremam
517 3731 626 3776 rernm
642 3710 818 3777 virentium
834 3709 938 3798 legem
961 3708 1184 3776 numerosissi-

164 3817 229 3886 mis
253 3817 528 3904 apertissimisque
552 3816 794 3905 probationibus
818 3817 1015 3885 recentiores
1038 3817 1186 3886 auctores
1222 3861 1229 3876 κ

163 3926 401 3996 confirmavere
415 3955 423 4006 ;
442 3927 499 3994 sed
515 3947 586 3994 eam
601 3926 794 3994 Aristoteles
810 3926 844 3994 in
859 3924 1049 4010 explicanda
1063 3924 1186 3994 anima-

163 4036 245 4108 liam
261 4039 380 4102 natura
390 4036 459 4122 jam
475 4034 677 4114 adhibuerat,
693 4034 733 4102 ad
745 4035 828 4102 banc
842 4033 1003 4123 praecipue
1019 4033 1186 4103 scientiam

163 4143 414 4214 accommodans
426 4143 624 4232 amplissima
634 4143 691 4212 illa
701 4149 735 4214 et
746 4137 904 4212 altissima
914 4141 1060 4210 Platonis
1068 4141 1188 4229 placita
