3134 4938
635 544 807 611 ψει-Λ

215 688 346 756 habent.
367 690 508 765 Quarum
522 689 632 775 plures
642 687 787 774 quidem,
805 686 917 755 inillis
936 688 1079 756 scientiae
1095 688 1231 776 primor-

216 798 289 875 diis,
309 797 478 873 Aristoteli
494 796 629 886 ignotae;
649 797 803 883 quasdam
821 800 930 864 tamen
945 801 1032 875 recte
1047 797 1183 868 notavit.

260 907 403 988 Maxime
431 907 568 975 interest
593 907 679 975 inter
705 905 926 993 quadrupedes
958 906 1172 973 mammiieras
1200 912 1234 976 et

216 1016 319 1102 pisces
344 1015 542 1092 differentia,
562 1015 630 1083 sive
645 1015 722 1084 vitae
738 1035 865 1104 genus,¹
883 1016 951 1082 sive
975 1014 1118 1102 spirandi
1133 1015 1232 1084 ratio·
1320 1037 1325 1048 ¹

216 1145 290 1190 nem
312 1126 345 1200 et
366 1124 583 1212 generationis
599 1122 746 1201 modum,
771 1123 839 1191 sive
860 1127 963 1191 totam
986 1123 1129 1210 corporis
1149 1123 1232 1210 figu-

132 1243 133 1247 ’
216 1255 287 1301 ram
309 1233 490 1301 consideres
519 1261 526 1300 z
554 1219 665 1300 sedin
687 1233 749 1298 hoc
769 1236 837 1299 tam
858 1233 955 1320 longo
979 1233 1149 1300 intervallo
1170 1232 1233 1300 duo

217 1364 337 1430 genera
355 1343 531 1429 interponit
550 1341 776 1429 philosophus,
801 1342 921 1428 phocas
942 1346 975 1409 et
997 1344 1066 1408 oete
1083 1339 1143 1431 (1),
1162 1361 1251 1427 quae,

217 1451 361 1538 quamvis
375 1451 537 1538 vulpam,
563 1471 585 1517 a
600 1449 856 1537 quadrupedibus
881 1448 1042 1537 gradatim
1056 1449 1230 1528 recedunt,

217 1565 253 1629 ut
267 1560 402 1654 piscium
424 1559 537 1646 figurae
553 1558 700 1645 proxima
722 1557 812 1626 fiant.
838 1558 928 1628 Nihil
949 1558 1002 1623 illi
1018 1557 1147 1626 videtur
1163 1577 1234 1624 esse

218 1669 320 1756 phoca
335 1669 398 1735 nisi
419 1668 600 1754 quadrupes
616 1667 803 1754 imperfecta
819 1665 878 1757 (2),
898 1667 930 1735 id
943 1669 1010 1744 est,
1028 1670 1066 1734 ut
1084 1687 1169 1734 nunc
1183 1666 1234 1733 in·
1318 1661 1321 1678 '

218 1777 393 1863 terpretari
408 1776 532 1855 liceret,
550 1777 640 1864 cujus
656 1780 766 1862 partes
784 1797 850 1843 non
873 1776 1001 1844 omnino
1018 1776 1186 1863 explicatae
1202 1780 1235 1844 et

218 1885 350 1962 adultae,
367 1885 458 1971 quasi
475 1890 666 1962 extremum,
684 1885 726 1950 ad
741 1906 835 1970 quem
850 1886 884 1952 in
901 1885 1107 1972 generatione
1122 1884 1234 1952 tende-

209 1977 289 2072 hat,
316 1993 412 2060 finem
436 2014 501 2060 non
523 1995 697 2080 attigisset.
724 1993 807 2060 Aliae
836 1997 945 2061 autern
969 1998 1044 2062 sunt
1075 1993 1234 2080 ambiguae

218 2107 344 2171 naturae
360 2102 474 2189 quibus
490 2102 602 2169 eadem
622 2103 678 2168 illa
693 2103 968 2170 Mammiterarum
983 2103 1087 2170 forma
1102 2103 1143 2170 ad
1158 2107 1234 2170 aves

219 2211 338 2278 sensim
357 2215 530 2278 transeat:
552 2231 690 2296 namque
712 2212 898 2299 vespertilio
921 2211 1159 2298 quadrupedem
1177 2231 1235 2278 vo·

220 2319 338 2386 lucram
355 2317 414 2410 (3),
441 2319 722 2387 struthiocamelus
745 2340 839 2386 avem
862 2320 975 2407 pennis
999 2323 1163 2386 carentem
1182 2340 1235 2386 re-

220 2426 283 2494 fert
298 2425 363 2518 (4);
382 2428 454 2495 aliis
470 2428 605 2514 denique
630 2428 794 2514 gradibus,
812 2449 926 2514 nempe
949 2428 1041 2495 varia
1056 2427 1112 2494 illa
1128 2427 1235 2496 simia-

220 2555 293 2602 rum
309 2540 415 2622 gente,
435 2536 676 2623 quadrupedum
687 2535 792 2624 figura
807 2537 848 2603 ad
859 2537 1023 2602 hominem
1036 2534 1162 2604 accedit
1173 2533 1232 2625 (5).

223 2643 316 2709 iniis
331 2644 426 2710 etiam
443 2665 513 2730 quae
530 2645 685 2733 sanguina
698 2648 822 2724 carent,
837 2631 949 2710 similis
962 2648 1013 2712 est
1027 2644 1232 2712 continuitas.
1262 2639 1269 2652 '

225 2751 449 2819 restaeeorum
464 2775 565 2842 genus
580 2754 656 2820 hinc
671 2755 712 2820 ad
727 2754 839 2821 Mollia
857 2753 972 2828 tendit,
991 2752 1079 2820 illinc
1094 2753 1136 2821 ad
1156 2753 1236 2821 Cru-

223 2863 332 2928 stacea
356 2857 421 2951 (6);
440 2866 472 2930 et
487 2862 631 2930 inferiori
646 2866 739 2949 parte
755 2863 796 2928 ad
812 2883 851 2928 ca
866 2861 1031 2930 descendit
1046 2881 1116 2946 quae
1134 2881 1237 2948 neque

221 2969 419 3049 animalium,
438 2991 541 3057 neque
556 2971 724 3050 fruticum,
744 2973 801 3039 sed
816 2972 946 3039 tertiam
963 2993 1004 3038 ex
1019 2971 1164 3057 utrisque
1179 2991 1236 3038 na·

219 3080 327 3144 turam
341 3079 471 3147 habent.

270 3216 285 3240 ν
313 3187 364 3254 Sic
381 3189 466 3254 enim
481 3193 610 3268 natura,
637 3189 758 3276 inquit,
777 3189 928 3257 continuo
943 3179 1059 3257 itinere
1082 3209 1102 3255 a
1117 3179 1237 3276 simpli-

257 3445 290 3514 ll)
312 3445 384 3502 urst.
405 3444 511 3520 orum⁴¹
526 3449 598 3519 viu,
613 3451 640 3505 e.
660 3478 690 3488 -
703 3451 743 3506 ce
754 3453 827 3521 part.
840 3420 928 3505 enim.
946 3449 991 3520 ιν,
1006 3449 1049 3504 ra.

257 3553 290 3622 lat
316 3551 351 3612 ‘H
366 3552 393 3614 dl
408 3553 483 3638 ρώκη
502 3551 590 3638 ὥσπερ
608 3555 797 3638 πεπηρωμένον
815 3555 957 3638 τετράπουν
972 3553 1037 3615 ἐστί.
1052 3553 1124 3614 Hisl.
1147 3553 1236 3615 anim.

221 3651 256 3722 u,
273 3652 299 3709 ν,

259 3757 291 3827 13)
310 3759 350 3814 lle
364 3761 437 3831 part.
453 3757 554 3832 enim,
569 3763 613 3832 lv,
630 3761 674 3817 13.

259 3868 291 3934 ur
311 3867 352 3922 ue
368 3871 441 3938 part.
458 3851 550 3926 anrmj
562 3869 609 3940 ιν,
622 3869 671 3934 ru,

149 3964 153 3975 ‘
260 3972 293 4036 (5)
313 3969 385 4028 Hist.
401 3985 461 4043 an.,
476 3961 511 4044 ll,
528 3974 555 4029 8.

261 4079 294 4144 iiii
317 4076 410 4146 Ὅλως
423 4076 473 4162 γὰρ
490 4077 684 4165 ὀστρακόδερμα
703 4079 760 4163 ἔχει
777 4083 810 4162 τῇ
830 4078 988 4162 quinipulum
1006 4085 1060 4150 τοῖς
1073 4078 1240 4164 μαλακοσρά·

215 4198 289 4250 νοις,
306 4181 339 4257 τῇ
355 4175 384 4237 δὲ
396 4181 450 4244 τοῖς
465 4176 613 4282 μαλακῖρις.
628 4181 669 4236 De
683 4185 758 4252 pari.
774 4177 876 4252 anim„
890 4181 936 4252 lv,
950 4181 978 4238 9.
