3106 4932
1148 1605 1200 1662 Ρις.

143 1676 150 1687 ’
186 1695 338 1750 Pnomuinu
341 1729 1086 1748 ................................................
1162 1696 1178 1761 ,t

543 1909 659 1977 Pius
688 1857 837 1977 uului

219 2086 439 2154 erratumque
452 2102 514 2140 usur
523 2091 560 2142 est
570 2087 725 2221 Austotgzsb
732 2087 762 2140 in
775 2085 965 2142 distribuendis
977 2087 1162 2142 animantium

620 2181 669 2236 yon
726 2183 767 2222 oo.

237 2315 260 2368 1.
277 2315 348 2380 Ques
360 2329 469 2368 normes
483 2316 512 2367 in
524 2315 711 2382 comparandis
724 2313 971 2383 distribuendisqne
989 2315 1109 2371 onimeli·

306 2395 358 2448 hus
370 2400 478 2448 eeoutus
487 2397 568 2449 ruerit
579 2396 738 2450 Aristoteles
741 2430 1100 2450 ........................
1165 2399 1180 2452 8

219 2474 255 2528 11.
271 2476 456 2528 Animantium
469 2476 622 2530 distributio
634 2477 706 2542 opud
715 2476 884 2530 Aristotelem
894 2512 1100 2530 ..............
1153 2470 1190 2532 18'

513 2689 634 2757 Pius
664 2689 869 2758 SECUNDA
981 2687 986 2696 '

254 2856 290 2914 Be
303 2857 399 2928 troitus
412 2858 505 2926 quieto
518 2813 701 2915 animantium
712 2859 803 2926 somno
816 2864 841 2914 et
855 2858 996 2928 descriptio
1008 2859 1121 2928 roditur.

236 3023 258 3076 1.
276 3025 314 3077 Do
327 3024 514 3078 communibus
527 3024 703 3075 maximorum
717 3035 844 3089 generum
858 3023 1100 3090 exemplaribus...
1150 3022 1182 3075 25

221 3103 258 3155 ΙΙ.
275 3105 400 3156 Unumno
413 3104 449 3156 sit
461 3103 579 3155 omnium
596 3104 772 3154 onimontium
784 3105 921 3169 exemplar
927 3136 1102 3154 ............
1152 3103 1182 3156 30

210 3181 259 3233 111.
275 3183 315 3234 De
336 3183 450 3248 partium
468 3183 496 3234 in
513 3182 627 3235 diversis
645 3183 766 3248 ejusdem
792 3183 898 3252 generis
923 3183 1105 3236 animantibus

307 3266 452 3313 mutatione
465 3297 547 3312 ......
556 3297 563 3313 .
572 3297 794 3314 ...............
804 3308 806 3314 ,
819 3293 1071 3314 .................
1095 3301 1101 3314 .
1151 3263 1182 3314 it

208 3331 255 3384 IV.
272 3331 311 3382 De
324 3332 441 3396 portium
455 3332 596 3385 libratione
599 3369 685 3385 ......
684 3352 692 3369 =
693 3369 1102 3386 ...........................
1151 3335 1166 3384 3
1168 3336 1182 3384 8

223 3409 1025 3465 v.Notumnontacitsoltus..........................
1033 3449 1101 3464 .....
1150 3412 1182 3464 to

212 3489 259 3543 VI.
276 3491 316 3542 De
328 3492 512 3545 communibus
528 3493 707 3558 generationis
724 3493 856 3570 legibus..¹
865 3527 1102 3545 ................
1151 3493 1182 3544 td
1248 3515 1251 3522 ·

534 3705 654 3774 PARS
685 3706 851 3773 TERTIA

251 3866 289 3925 De
301 3869 388 3924 eetuio
401 3884 415 3923 e
428 3870 520 3936 ondin
534 3870 716 3925 animantium
728 3871 822 3938 neure
835 3881 867 3924 oo
877 3865 985 3937 sudeton
998 3869 1121 3940 modom.

232 4015 255 4068 1.
273 4013 401 4069 Veterum
429 4013 529 4080 placito
548 4013 582 4065 de
601 4027 693 4065 rorum
720 4013 866 4066 viventium
892 4014 981 4067 oensis
1009 4016 1107 4069 refellit

305 4094 478 4161 Aristoteles,
492 4095 632 4162 omniaque
648 4093 724 4146 docet
745 4093 773 4145 in
790 4099 887 4146 nature
904 4094 938 4146 od
963 4099 1064 4148 certum
1074 4095 1104 4149 d-

304 4163 752 4235 nemotqueodoptimumreterri
755 4198 933 4218 .............
941 4203 947 4220 .
956 4203 1100 4220 ..........
1151 4168 1181 4219 53
