3134 4938
396 654 564 720 Praeterea
579 649 820 738 pretiosissimis
827 650 893 716 illis
905 650 1130 717 instrumentis
1146 649 1288 728 carebat,
1299 649 1415 736 quibus

396 760 586 830 tenuissima
602 779 772 846 corporum
788 764 821 826 et
835 759 967 826 intimes
988 763 1135 826 texturas
1162 758 1413 850 introspicimus,

398 869 462 937 Sed
477 867 685 934 nihilominus
713 868 792 934 satis
808 869 922 947 multa,
952 868 986 934 in
1008 868 1048 934 iis
1075 889 1146 953 quae
1174 868 1274 935 oculis
1297 868 1417 954 percipi
1481 950 1486 960 Ι

397 980 544 1065 possunt,
564 979 653 1042 certa
669 975 893 1044 observatione
910 976 1050 1064 collegit,
1066 982 1102 1044 ut
1119 999 1159 1044 ex
1182 977 1234 1044 his
1255 997 1334 1046 vera
1348 976 1418 1063 phi·

397 1086 552 1171 losopbiae
564 1084 736 1171 zoologicae
752 1085 909 1171 principia
920 1086 1062 1172 potuerit
1077 1085 1280 1153 concludere.

442 1193 620 1260 Plurimum
637 1193 722 1259 enim
738 1192 846 1262 differt
862 1215 885 1259 a.
902 1194 1034 1280 reliquis
1054 1195 1196 1282 physicis
1217 1193 1352 1262 scientia
1367 1193 1415 1260 vi-

397 1303 554 1380 rentium,
572 1306 642 1368 tum
654 1322 763 1369 rerum
779 1303 1073 1390 cognoscendarum
1086 1307 1214 1382 natura,
1232 1308 1302 1371 tum
1319 1303 1417 1370 etiam

398 1413 452 1478 via
467 1416 501 1478 et
515 1411 641 1478 ratione
655 1430 718 1495 qua
732 1411 780 1479 uti
796 1411 901 1478 debet.
927 1413 1001 1479 Non
1017 1413 1102 1478 enim
1117 1411 1170 1478 hic
1186 1413 1308 1481 exactis
1324 1433 1419 1497 expe-

317 1541 320 1561 ⁴
399 1521 610 1586 rimentorum
631 1520 790 1586 mensuris
810 1520 851 1585 ad
874 1519 1023 1586 definitas
1046 1541 1216 1587 causarum
1232 1520 1418 1587 effectuum-

346 1676 350 1686 ·
400 1651 461 1714 que
476 1628 700 1715 proportiones
713 1628 874 1714 gradatim
890 1631 1095 1715 pervenitur;
1114 1635 1277 1698 utcontra
1293 1615 1427 1696 natura

340 1759 345 1766 ¹
400 1738 554 1823 quosdam
570 1737 711 1815 habitus,
730 1738 794 1815 vel,
813 1742 849 1804 ut
864 1738 911 1803 ita
927 1738 1047 1817 dicam,
1066 1738 1311 1806 consuetudines
1327 1758 1420 1824 pros-

400 1848 519 1933 picere,
531 1846 638 1932 potius
655 1867 750 1931 quam
767 1847 854 1932 leges
867 1847 963 1912 certis
976 1849 1118 1913 numeris
1130 1848 1321 1914 terminatas
1337 1867 1422 1913 com-

401 1956 508 2042 perire
531 1957 588 2020 aut
607 1953 789 2021 necessario
812 1955 1002 2021 concludere
1027 1956 1113 2022 licet.
1140 1956 1240 2032 Quod·
1253 1955 1331 2021 mibi
1354 1975 1422 2020 non

343 2133 345 2142 ,
400 2063 528 2130 videtur
543 2062 624 2129 satis
639 2062 837 2129 intellexisse
858 2053 1128 2131 clarissimus'ille
1149 2065 1356 2133 scientiarum
1370 2063 1421 2129 in-

402 2175 568 2238 staurator
587 2174 689 2248 Baco,
714 2192 811 2256 quum
830 2172 1014 2239 nniversam
1038 2174 1224 2242 Aristotelis
1240 2174 1279 2239 de
1303 2176 1423 2240 natura

402 2281 581 2348 doctrinam
596 2280 776 2367 promiscue
792 2281 990 2367 improbaret
1006 2280 1065 2372 (l),
1085 2287 1119 2350 et
1133 2285 1192 2350 hos
1207 2283 1306 2350 etiam
1322 2281 1422 2347 admi·
1472 2361 1474 2368 y

402 2390 520 2456 nabiles
545 2390 583 2455 de
600 2388 791 2454 animalibus
807 2390 906 2456 libros
922 2412 995 2456 cum
1018 2392 1167 2479 Physicis
1183 2412 1248 2457 una
1270 2381 1443 2456 condem?

402 2499 533 2564 natione
554 2497 850 2583 comprehenderet.
877 2498 968 2573 Quod
992 2499 1077 2564 enim
1101 2499 1269 2566 Aristoteli
1293 2498 1419 2585 objicit,

310 2611 312 2616 ’
403 2606 525 2674 scilicet
553 2607 764 2672 immoderato
797 2606 1142 2696 causarumxfinalium
1179 2628 1239 2673 usu
1271 2603 1423 2673 'verarum

403 2734 573 2782 causarum
589 2717 622 2781 et
636 2715 745 2801 legum
760 2714 999 2799 inquisitionem
1014 2716 1197 2803 corrupisse
1215 2711 1275 2805 (2),
1294 2714 1327 2780 id
1344 2731 1423 2779 sane

403 2822 437 2888 in
457 2822 548 2888 libris
569 2821 608 2926 dp
628 2813 728 2900 coelo,
751 2823 790 2888 de
811 2825 1018 2910 generatione
1035 2829 1068 2893 et
1091 2824 1311 2909 corruptione,
1335 2821 1423 2887 aliis-

405 2951 465 3014 que
486 2928 629 3016 ejusdem
645 2931 773 3017 generis
791 2931 865 3017 jure
887 2932 1081 3016 reprebendi
1101 2935 1227 3016 potest;
1247 2931 1304 2997 sed
1328 2950 1422 3016 pror-

404 3058 459 3104 sus
474 3037 635 3104 immerito
651 3038 684 3103 in
700 3038 791 3103 libris
807 3038 846 3103 de
863 3038 1065 3116 animalibus,
1085 3059 1220 3123 quorum
1236 3044 1349 3107 contra
1365 3038 1422 3104 do-

404 3146 510 3217 ctrina
531 3146 600 3212 sine
620 3145 675 3210 illa
687 3145 764 3214 uinis
785 3145 898 3230 cuique
919 3147 1063 3233 corporis
1083 3147 1298 3216 instrumento
1314 3150 1348 3213 et
1361 3148 1423 3215 toti

405 3258 578 3323 structurae
599 3255 756 3341 propositi
780 3255 1037 3323 consideratione
1060 3257 1149 3323 nullo
1170 3257 1265 3324 modo
1288 3256 1425 3324 tractari

405 3366 523 3450 potest.
543 3362 607 3430 Sed
625 3363 792 3450 sicutipse
811 3362 1005 3430 Aristoteles
1029 3370 1212 3444 erraverat,
1237 3385 1335 3451 quum
1356 3385 1424 3430 om-

405 3492 480 3538 nem
506 3474 634 3538 naturae
658 3471 838 3538 doctrinam
862 3471 975 3538 eadem
998 3473 1123 3542 ratione
1149 3493 1212 3559 qua
1238 3473 1424 3560 animalium

340 3570 343 3586 ¹
405 3580 573 3666 scientiam
588 3579 759 3647 instituere
779 3580 972 3648 tentavisset
986 3581 1163 3667 iisdemque
1185 3581 1308 3668 legibus
1333 3581 1425 3667 quasi

404 3689 631 3782 submisisset,
649 3709 799 3758 rursusa
822 3709 901 3758 vera
924 3691 978 3758 via
997 3692 1092 3779 longe
1115 3693 1320 3758 recesserunt
1335 3691 1423 3758 Baco

407 3799 654 3884 Garamasque,
673 3819 771 3883 quum
792 3819 902 3866 rerum
916 3799 1094 3870 viventium
1110 3799 1277 3868 scientiam
1291 3819 1425 3886 prorsus

350 4097 354 4106 ρ
418 3973 473 4100 ‘lli
490 3999 606 4086 Novum
615 4040 771 4101 organum,
786 4030 809 4102 1,
824 4029 870 4087 63.

442 4131 477 4204 iri
496 4136 537 4193 be
551 4131 716 4208 augmentis
729 4130 929 4207 scientiarum,
943 4135 995 4208 111,
1006 4137 1033 4194 4.
