3134 4938
600 527 780 594 ..35-

180 670 427 758 uniuscujusque
447 669 559 737 formae
578 674 687 756 partes
699 669 875 737 innumeris
895 667 999 736 modis
1015 669 1135 736 mutari
1147 668 1201 736 de-

181 777 300 856 buisse,
311 781 349 844 ut
361 777 723 845 diversissimisvivendi
735 761 970 844 conditionibus
983 777 1202 844 accommoda-

184 882 312 946 rentur.
336 878 429 944 Unde
456 878 595 946 alterum
618 877 698 944 illud
724 877 911 946 Aristotelis
937 878 972 946 in
1001 877 1203 969 philosophia

183 969 346 1074 zoologica
354 985 567 1073 principium:
586 987 727 1064 Natura,
741 987 856 1072 inquit,
871 1007 1055 1054 communes
1063 987 1205 1054 omnium

186 1086 374 1153 animalium
386 1091 496 1172 partes
512 1087 554 1153 ad
570 1086 688 1154 multos
705 1107 781 1154 usus
798 1087 932 1174 singulis
948 1085 1113 1173 speciebus
1129 1107 1205 1173 pro-

187 1197 274 1283 prios
289 1195 443 1261 adhibere
459 1195 542 1262 solet
556 1192 617 1286 (1).
643 1196 741 1283 Cujus
768 1195 908 1281 plurima
934 1195 1081 1283 exempla
1096 1194 1202 1278 affert.

189 1305 234 1374 Os
250 1304 396 1371 omnibus
409 1304 626 1370 animantibus
642 1325 808 1372 commune
829 1303 890 1371 cibi
914 1285 1059 1390 capiendi
1089 1303 1205 1390 ubique

190 1416 240 1480 est
251 1412 519 1490 instrumentum
538 1412 595 1480 sed
610 1412 742 1499 insuper
759 1412 830 1480 aliis
853 1413 953 1479 robur
968 1415 1026 1480 aut
1039 1411 1081 1479 ad
1104 1411 1205 1480 laces·

192 1522 325 1590 sendum
337 1523 394 1588 aut
406 1520 446 1587 ad
454 1519 687 1589 defendendum
699 1520 799 1599 addit,
815 1521 886 1588 aliis
899 1521 997 1590 etiam
1010 1520 1080 1588 voci
1093 1525 1127 1588 et
1142 1541 1210 1590 ser·

191 1631 278 1698 moni
294 1629 385 1707 utile,
405 1629 573 1716 permultis
589 1630 629 1697 ad
645 1630 903 1717 respirationem.
923 1630 1042 1697 Omnes
1057 1629 1116 1696 hos
1132 1651 1210 1698 usus
1246 1677 1249 1686 ,

193 1744 313 1806 natura
326 1738 503 1825 conjunxit,
522 1738 618 1826 hujus
633 1739 736 1826 partis
764 1737 962 1807 differentias
977 1737 1019 1806 ad
1042 1758 1222 1823 munerum

194 1848 414 1916 diversitatem
422 1847 881 1933 comparansMaxillarumet
890 1845 1033 1914 dentium
1041 1846 1161 1914 formas
1171 1844 1212 1913 ad

194 1957 302 2025 varios
318 1957 422 2022 victus
434 1956 698 2031 accommodavit,
717 1960 774 2023 aut
788 1956 830 2022 ad
843 1955 1071 2024 conficiendam
1091 1975 1210 2034 escam,

196 2071 252 2134 aut
269 2066 310 2133 ad
323 2064 510 2152 rapiendam
526 2063 670 2150 praedam
686 2091 693 2130 :
709 2064 899 2150 quibusdam
911 2065 1023 2132 dentes
1039 2065 1161 2133 exserti
1172 2061 1214 2131 ad

198 2194 339 2262 pugnas;
357 2172 480 2240 homini
496 2171 538 2238 ad
554 2172 679 2240 litteras
698 2172 924 2260 exprimendas
939 2171 1128 2264 plurimum}
1139 2194 1214 2240 oon-

200 2284 318 2350 ferunt.
339 2284 377 2349 ln
389 2267 502 2348 avibus
517 2281 603 2352 labia
618 2303 689 2349 cum
702 2270 841 2348 maxillis
857 2285 891 2348 et
912 2281 1061 2348 dentibus
1084 2282 1216 2350 confusa

201 2391 233 2459 id
249 2390 383 2458 effecere
394 2389 560 2478 proprium
571 2390 646 2457 huic
661 2390 772 2478 generi
785 2390 1034 2459 instrumentum
1050 2391 1134 2478 quod
1149 2410 1217 2458 ros-

201 2504 288 2567 trum
303 2503 448 2578 vocatur,
464 2499 554 2587 cujus
581 2499 705 2586 pondus
737 2520 832 2586 quam
862 2499 1060 2567 levissimum
1089 2499 1217 2567 volatus

203 2608 333 2674 minime
348 2611 462 2696 gravet
480 2634 488 2674 :
507 2608 654 2694 quodque
677 2629 790 2675 rursus
814 2629 914 2695 prope
929 2607 1065 2676 infinitis
1092 2607 1216 2696 figuris,

205 2714 402 2802 longitudine
414 2720 473 2784 aut
484 2715 655 2793 brevitate,
670 2715 903 2784 latitudineaut
913 2715 1220 2806 tenuitate‚rectum
1307 2747 1311 2758 ·

207 2828 264 2891 aut
278 2823 444 2904 aduncum,
459 2825 579 2912 partim
594 2824 774 2902 robustum,
793 2825 912 2912 partim
928 2829 1100 2905 serratum,
1131 2823 1221 2892 diffe-

206 2934 316 3000 rentes
332 2933 508 3020 specierum
519 2933 648 3000 habitus
665 2930 712 3023 (2)
733 2932 831 3001 efficit
853 2938 923 3002 aue
940 2933 1095 3022 sequitur.
1122 2936 1161 3001 In
1176 2935 1223 3000 in-

205 3041 302 3110 sectis
316 3041 442 3128 quidem
454 3042 549 3130 longe
565 3042 629 3120 alia
645 3041 777 3110 esteris
794 3046 970 3124 structura,
989 3043 1080 3132 cujus
1091 3043 1223 3131 propria

206 3151 366 3219 elementa
381 3151 587 3219 nihilominus
614 3151 649 3218 in
659 3155 753 3220 tanta
768 3152 947 3221 subtilitate
962 3174 1021 3241 pro
1045 3143 1224 3241 specierum

89 3299 94 3310 ·
207 3259 335 3328 vivendi
351 3259 567 3346 generemille
592 3259 694 3327 modis
717 3265 837 3328 natura
851 3261 989 3328 mutavit
1004 3258 1065 3352 (3),
1093 3260 1128 3328 in
1153 3261 1225 3328 aliis

209 3367 340 3435 ferendo
353 3369 423 3435 cibo
439 3368 566 3446 idonea,
581 3367 615 3434 in
627 3368 699 3435 aliis
716 3369 758 3435 ad
770 3389 881 3436 succos
891 3369 1080 3448 trahendos,
1095 3369 1129 3436 in
1155 3370 1224 3457 qui-

209 3474 355 3556 busdam,
369 3480 407 3547 ut
422 3476 469 3545 ait
480 3476 616 3556 Plinius,
629 3477 720 3563 quasi
740 3479 840 3545 telum
858 3478 1028 3564 spiculavit
1045 3476 1104 3569 (4),
1125 3479 1225 3565 gemi·
1294 3521 1299 3530 ·

248 3729 282 3793 (ll
307 3725 344 3788 ‘ll
360 3725 411 3810 γὰρ
429 3726 503 3812 φύσις
523 3725 589 3800 αὐτὴ
611 3725 751 3800 καθἀὑτὴν
769 3733 824 3796 τοῖς
840 3732 934 3796 κοινοῖς
951 3727 1056 3788 πάντων
1076 3726 1174 3810 μορίοις
1192 3731 1228 3795 tlt

211 3822 300 3887 πολλὰ
312 3829 365 3886 τῶν
379 3824 450 3886 ἰδίων
463 3829 641 3909 καταχρῆται.
664 3827 703 3882 tta
717 3832 791 3897 part.
808 3824 898 3884 anim.
914 3826 964 3898 lll,
978 3828 1005 3884 l.

248 3942 281 4010 tit
302 3943 342 3998 [tc
357 3945 432 4014 part.
448 3939 551 4013 anim,
567 3943 616 4013 ΙΙΙ,
631 3943 657 3999 t.
731 3931 735 3938 “

251 4040 285 4110 till
305 4048 345 4103 lla
361 4051 434 4120 part.
454 4045 558 4118 anim,
572 4048 618 4118 lt,
632 4049 660 4104 6.

253 4155 286 4217 tlt
306 4152 412 4210 Hister.
427 4157 536 4223 natur..
547 4153 594 4224 lll,
609 4155 636 4210 l.
