3106 4932
566 499 746 564 ..81-

148 650 216 714 tate
232 650 265 713 et
286 642 431 732 potentia
445 642 564 708 eminet
580 639 639 731 (l),
659 644 799 734 eeterncs
821 637 915 716 boni,
942 636 1085 724 pulchri,
1103 638 1161 703 hc·

147 756 231 823 nesti
244 755 386 842 justique
408 771 538 818 normas
561 749 720 828 continet,
746 769 816 835 quae
842 747 981 814 omnium
1001 767 1075 833 iquae
1092 767 1162 813 esse

146 868 284 952 possunt
299 863 437 951 pretium
453 821 704 948 dignititemquc
722 859 910 937 metiuntur,
929 857 1062 943 ideoque
1078 877 1163 944 saepe

93 967 97 976 ’
116 1029 120 1040 .
146 993 301 1042 mensura
316 969 362 1062 (τὸ
378 968 496 1064 μέτρον)
509 991 528 1036 a
540 970 675 1036 Platone
690 973 848 1036 uocantur
861 965 919 1058 (2).
939 967 999 1034 His
1015 987 1163 1033 necessa·

146 1083 207 1150 riis
226 1082 349 1170 legibus
370 1079 445 1166 quid
468 1078 603 1157 bonum,
632 1077 707 1165 quid
731 1076 866 1155 malum,
895 1075 969 1162 quid
994 1077 1162 1154 decorum,

142 1192 225 1278 ¹quid
246 1195 357 1277 turpe,
384 1192 480 1274 atque
504 1189 601 1276 etiam
625 1187 700 1273 quid
722 1187 855 1265 melius,
880 1186 955 1271 quid
979 1186 1162 1273 pulchrius,
1213 1206 1215 1210 ·

148 1300 236 1386 quid,
255 1300 340 1368 inter
356 1320 395 1364 ee
412 1319 483 1385 quae
500 1296 571 1364 fieri
587 1302 717 1384 queunt,
739 1297 893 1384 optimum
917 1299 949 1363 et
964 1296 1166 1386 praestantis·

147 1409 266 1476 simum
281 1409 324 1476 sit
339 1407 503 1476 statuitur.
879 1403 882 1412 ’
1087 1417 1089 1428 ’

197 1517 339 1596 Tertium
363 1515 497 1601 denique
521 1534 622 1603 genus
646 1535 700 1582 ees
724 1514 811 1602 leges
828 1518 861 1581 et
882 1512 1001 1582 formas
1025 1515 1168 1584 continet

149 1649 222 1714 quae
238 1627 272 1693 in
295 1625 420 1693 infinito
443 1645 571 1705 earum,
590 1645 660 1710 quae
683 1646 754 1690 esse
776 1627 941 1712 poterant,
960 1647 1092 1692 numero
1108 1647 1167 1713 pro

149 1757 211 1804 sua
225 1719 417 1822 praestentia
432 1733 543 1802 electae
559 1737 646 1812 sunt,
664 1737 702 1800 ut
716 1734 826 1800 mundi
843 1734 987 1802 ordinem
1002 1741 1165 1823 regerent,

149 1849 185 1912 et
198 1845 396 1914 constitutae:
412 1864 481 1936 quae
493 1843 593 1930 igitur
605 1864 646 1908 ex
658 1831 857 1929 superiorum
865 1866 1018 1931 generum
1033 1850 1169 1931 utroque

148 1953 308 2042 pendent,
334 1952 391 2020 sed
406 1953 565 2040 praecipue
582 1974 623 2018 ex
645 1952 720 2018 honi
735 1957 867 2032 natura,
887 1968 957 2040 quae
977 1976 1042 2022 una
1061 1977 1169 2042 perse

150 2063 280 2130 exsistit
296 2066 328 2130 et
339 2082 398 2149 per
413 2082 447 2128 se
464 2061 542 2148 agit.
562 2060 666 2147 Hujus
686 2061 776 2128 tertii
788 2063 920 2148 ,generis
937 2068 1012 2130 sunt
1027 2085 1074 2130 eae
1091 2085 1169 2150 quas

52 2243 56 2252 f
123 2151 236 2239 'nunc
258 2190 409 2239 vocamus
436 2174 561 2237 naturae
585 2169 672 2257 leges
689 2174 722 2237 et
737 2170 807 2257 ipsa
828 2171 899 2250 illa,
919 2171 958 2238 de
980 2173 1094 2259 quibus
1118 2173 1171 2240 hic

152 2282 273 2368 agitur,
292 2301 401 2348 rerum
420 2280 597 2361 uiuentium
616 2280 823 2367 exemplaria.
848 2271 928 2357 (lucev
942 2282 1013 2348 ideo
1034 2304 1075 2360 ex
1090 2269 1172 2369 p'ura

60 2453 63 2458 .
154 2396 188 2458 et
203 2390 337 2477 simplici
360 2389 435 2456 boni
460 2388 646 2475 pulchrique
670 2387 743 2454 idea
765 2393 898 2456 manant
919 2388 982 2480 (3);
1007 2392 1069 2458 hoc
1084 2391 1171 2461 fonte

155 2501 292 2586 primum
308 2519 492 2566 communes
513 2489 617 2564 omnis
633 2496 757 2564 decoris
775 2499 908 2586 regulae,
924 2499 1037 2568 deiude
1053 2501 1104 2594 liis
1119 2523 1171 2568 re-

158 2608 239 2694 gulis
255 2608 423 2694 descriptae
445 2605 556 2671 fcrmae
574 2606 731 2684 oriuntur,
751 2627 821 2692 quae
843 2607 994 2673 altiorum
1018 2630 1172 2696 generum

159 2722 342 2786 structuras
357 2721 498 2805 regunt,
527 2721 596 2783 tum
621 2716 748 2783 demum
778 2717 955 2804 specierum
978 2717 1109 2806 figurae,
1137 2725 1174 2787 ut

159 2826 241 2912 equi,
260 2826 364 2904 bovis,
389 2847 478 2912 quae,
498 2826 625 2912 generis
642 2825 779 2914 effigiem
800 2831 984 2907 servantes
1003 2827 1044 2894 ad
1068 2832 1184 2916 certas

156 2935 284 3002 vivendi
301 2934 499 3001 conditiones
514 2933 762 3018 accommodatae
786 2939 872 3014 sunt,
892 2936 1047 3022 simulque
1070 2939 1174 3026 magis
1195 2925 1213 2942 ''

157 3064 343 3131 expressam
365 3042 398 3109 in
419 3043 559 3130 partium
584 3041 900 3129 differentiarumque
920 3047 1174 3132 numerosiorum

158 3129 381 3218 convenientis
396 3150 666 3236 pulchritudinem
683 3152 783 3218 oculis
799 3152 981 3238 subjiciunt.

204 3260 411 3345 Ammissima
425 3260 480 3324 illa
495 3259 641 3326 Platonis
657 3260 803 3329 doctriua
817 3263 912 3348 plane
929 3264 1088 3364 ccmscutit
1104 3286 1175 3332 cum

159 3367 200 3434 iis
221 3389 291 3454 quae
312 3368 487 3435 certissime
512 3367 681 3437 confirmat
694 3374 815 3436 nostrae
833 3370 938 3439 aetatis
953 3371 1171 3459 philosophie,

161 3477 228 3546 sive
244 3477 279 3543 in
301 3477 417 3544 mentis
432 3476 580 3544 humanae
596 3477 719 3558 studio,
739 3478 855 3546 sivein
875 3500 984 3547 rerum
999 3480 1175 3549 viventium

285 3695 290 3704 .
751 3659 767 3698 ο

198 3747 280 3820 (illle
294 3721 455 3817 republica,
466 3747 511 3802 vl.
532 3737 588 3796 Οὔκ
602 3734 688 3804 οὐσίας
702 3734 773 3802 ὄντος
786 3739 832 3794 τοῦ
848 3737 955 3816 ἀγαθοῦ,
972 3737 1032 3797 ἀλλ’
1056 3737 1094 3798 ἔτι
1117 3735 1176 3800 ἕπε’.
1257 3819 1259 3825 ,

163 3859 235 3898 κεινα
253 3841 301 3909 τῆς
317 3832 405 3902 οὐσίας
424 3832 549 3918 πρεσὸοίᾳ
566 3834 610 3894 καὶ
629 3831 739 3918 δυνάμει,
762 3832 943 3916 ὑπερέχοντος.
959 3842 1011 3900 Hie
1029 3833 1105 3898 οὐσία
1119 3850 1177 3902 ter.

164 3933 237 3991 tium
249 3931 383 3990 idearum
393 3946 487 4006 genus
501 3930 654 4002 siguificat.
760 3947 763 3963 *

201 4041 232 4108 οἳ)
253 4037 399 4109 Philebus,
415 4052 443 4110 p.
459 4040 504 4095 64.
520 4032 630 4110 Πρῶτον
644 4027 692 4108 μέν
706 4053 743 4101 πη
758 4028 816 4112 περὶ
831 4027 935 4112 μέτρον,
951 4043 1008 4098 ele.

203 4157 238 4224 (3)
254 4153 435 4226 convivium,
452 4151 603 4214 Phoectrus.
993 4224 997 4227 ,

1034 4257 1050 4307 6
