3106 4932
599 552 799 620 „ffl;

177 699 352 787 praesentia
372 698 553 766 necessario
583 696 832 783 consequuntur,
852 715 911 783 per
930 715 1057 764 severo
1073 696 1196 764 nullum

178 808 300 874 habent
320 807 428 887 finem,
448 813 566 876 natura
581 808 623 874 ad
639 807 793 893 quosdam
817 827 893 874 usus
909 805 1053 892 abutitur
1069 803 1115 896 (l)
1135 835 1143 885 ;
1161 808 1199 873 ut

178 938 380 1003 eorumquae
396 917 541 984 materiae
563 916 878 1008 vitalistemperatio
905 919 962 983 aut
989 916 1155 983 dissolutio
1179 936 1200 982 a

180 1047 314 1113 corpore
327 1027 478 1106 secernit,
494 1027 680 1113 plerumque
692 1026 800 1092 nullus
817 1030 867 1093 est
882 1045 972 1102 usus,
987 1025 1043 1092 sed
1060 1025 1093 1090 in
1108 1023 1199 1112 poly-

180 1135 277 1222 pisel
293 1135 388 1223 sepiis
409 1136 591 1223 hujusmodi
607 1137 786 1211 humorem,
806 1135 890 1221 quod
909 1121 1127 1201 atramentum
1142 1154 1199 1201 vo·

179 1249 266 1329 cant,
280 1249 398 1338 natura
410 1246 451 1311 ad
461 1245 608 1312 animalis
621 1245 827 1312 securitatem
840 1244 996 1322 adhibuit,
1013 1264 1121 1330 quum,
1136 1263 1201 1310 non

180 1353 326 1446 equidem
349 1355 388 1420 de
408 1352 593 1432 industria,
606 1352 799 1433 sedtimore
819 1357 1012 1420 commotum
1036 1353 1098 1418 hoc
1113 1355 1201 1418 atra·

181 1467 290 1530 mento
307 1463 399 1548 quasi
420 1462 504 1530 nube
526 1483 560 1528 se
588 1463 726 1530 obducat
749 1463 921 1547 hostesque
943 1461 1034 1529 fallat
1059 1458 1118 1551 (2).
1138 1461 1201 1528 Sed

181 1566 305 1658 quoties
324 1571 475 1639 incolumi
491 1572 560 1640 vita
579 1577 612 1640 et
627 1573 716 1639 salvo
733 1571 861 1659 generis
880 1571 1057 1656 exemplari
1081 1569 1202 1656 aliquid
1277 1659 1280 1665 ι

180 1681 294 1748 inutile
310 1682 440 1749 detrahi
453 1682 569 1767 potuit,
588 1682 667 1749 illud
683 1683 801 1748 natura
816 1680 965 1767 dempsit.
985 1680 1038 1748 Sic
1053 1679 1202 1746 maxillas

180 1790 215 1856 in
230 1789 334 1856 latera
353 1775 484 1858 movent
504 1811 711 1877 quaecumque
730 1810 861 1856 carnem
882 1795 939 1858 aut
957 1789 1074 1855 herbas
1095 1787 1201 1855 denti·

180 1899 241 1966 bus
249 1898 436 1976 conficiunt,
455 1904 491 1967 ut
507 1900 651 1966 homiues
664 1904 698 1966 et
713 1900 934 1985 quadrupedes
948 1899 1103 1984 viviparae
1119 1925 1126 1976 ;
1145 1896 1203 1964 sed

181 2028 270 2085 aves,
289 2007 428 2094 reptilia,
447 2008 562 2094 pisces,
582 1992 697 2094 quibus
713 2009 843 2095 genuini
859 2008 986 2084 desunt,
1005 2027 1202 2093 quorumque

170 2118 325 2204 'corporis
350 2117 541 2204 temperatio
558 2123 593 2185 et
606 2118 833 2185 intestinorum
850 2120 1013 2184 structura
1034 2115 1118 2182 hanc
1141 2114 1202 2181 cibi

182 2225 415 2293 confectionem
431 2248 496 2294 non
509 2227 655 2312 requirit,
674 2226 731 2294 illa
742 2226 894 2294 facultate
906 2231 1018 2294 carent
1031 2252 1037 2292 :
1050 2245 1202 2312 superva-

183 2354 285 2402 canea
301 2335 385 2401 enim
401 2335 441 2401 iis
458 2338 544 2402 esset
560 2333 619 2426 (3).

229 2445 302 2512 Non
324 2444 427 2511 solum
453 2444 553 2532 igitur
579 2449 698 2513 natura
714 2445 811 2525 ,inter
838 2465 947 2512 omues
974 2443 1095 2510 formas
1123 2463 1202 2529 quas

184 2553 290 2620 animo
322 2552 444 2640 fingere
474 2555 561 2631 licet,
591 2575 694 2640 pauca
721 2554 819 2640 clegit
849 2553 1058 2640 exemplaria,
1089 2552 1202 2638 quibus

108 2665 116 2680 ’
187 2682 279 2727 omne
306 2663 516 2729 animantium
544 2683 645 2750 genus
676 2667 865 2750 regeretur3
882 2663 939 2728 sed
967 2683 1077 2728 eorum
1105 2662 1202 2730 etiam

188 2771 415 2857 exemplarium
430 2771 519 2838 intra
533 2771 688 2840 terminos
705 2793 769 2838 non
789 2792 900 2838 omnes
919 2774 1112 2848 structuras,
1131 2791 1202 2856 quae

187 2881 325 2947 existere
355 2881 491 2967 possint,
522 2881 578 2948 sed
608 2881 894 2968 praestantissimas
925 2884 1053 2948 tantum
1084 2880 1199 2967 gignit.

186 2990 298 3076 Itaque
322 3011 387 3056 non
404 2991 652 3058 existimandum
676 2995 726 3059 est
751 3012 861 3056 omnes
886 2990 1098 3057 animantium
1121 2989 1202 3076 figu-

186 3119 252 3177 ras,
271 3101 526 3185 quaecumquein
542 3100 695 3186 praesenti
710 3120 820 3168 rerum
836 3103 924 3168 statu
940 3099 1019 3166 oriri
1034 3102 1067 3165 et
1086 3099 1204 3166 durare

186 3207 377 3294 potuissent,
400 3212 495 3275 natas
516 3229 586 3276 esse
607 3212 640 3277 et
660 3213 805 3276 servatas
823 3236 831 3287 ;
850 3229 965 3295 neque,
984 3209 1011 3274 si
1030 3229 1084 3275 res
1103 3208 1150 3275 ita
1169 3228 1203 3274 se

187 3315 333 3394 haberet,
355 3319 448 3384 tanta
472 3321 559 3385 esset
580 3319 731 3407 cujusque
748 3317 865 3406 speciei
881 3316 1084 3405 pulchritudo
1108 3322 1142 3386 ct
1165 3337 1214 3408 ex·

171 3475 174 3480 -
187 3424 281 3492 omni
289 3428 382 3511 parte
394 3426 558 3512 perfectio.

223 3673 255 3746 (ll
275 3677 450 3759 Καταχρῆται
475 3675 522 3758 μὲν
554 3669 597 3737 οὖν
617 3676 698 3738 {victe
720 3681 738 3749 ἡ
758 3674 832 3760 φύσις
850 3679 886 3744 εἷς
902 3675 934 3736 τὸ
950 3673 1083 3756 ὠφέλιμον
1095 3671 1140 3733 καὶ
1152 3675 1207 3741 τοῖς

186 3769 392 3857 περιττώμασιν.
421 3778 461 3835 Οὐ
487 3774 538 3856 μὴν
562 3773 605 3835 διὰ
630 3780 707 3835 τοῦτο
729 3778 814 3848 ζητεῖν
838 3777 876 3834 δεῖ
910 3772 995 3834 πάντα
1023 3770 1099 3832 ἕνεκά
1125 3795 1210 3840 τινος,
1235 3835 1239 3852 ,

183 3869 254 3933 ἀλλὰ
276 3875 355 3932 τινῶν
381 3872 463 3934 ὄντων
486 3871 632 3948 τοιούτων,
659 3873 734 3957 ἕτερα
760 3871 897 3952 capicium
921 3876 1030 3932 τοιαῦτα
1065 3867 1154 3931 πολλὰ
1177 3869 1202 3941 ἐξ

186 3969 315 4052 ἀνάγκης.
329 3981 370 4038 lle
384 3983 458 4052 part.
475 3977 564 4038 anim.
581 3981 627 4053 lv,
641 3979 668 4039 2.

223 4093 445 4167 mmmm

225 4210 631 4286 mmmmmw.
