3134 4938
613 465 792 532 ...33-

195 577 321 690 vivant;
340 610 428 677 nullo
450 609 544 676 modo
561 630 754 696 cognoscere
784 608 889 696 potuit
905 608 1019 674 miram
1035 607 1122 674 illam
1145 606 1210 674 ele-

195 725 377 788 mentorum
414 717 560 785 vitalium
590 717 923 804 transfigurationem,
958 738 1031 803 qua,
1066 716 1147 784 sicut
1177 716 1210 782 in

195 830 314 916 plantis
331 828 406 894 folia
425 813 533 894 varias
547 825 636 892 floris
653 831 685 894 et
710 825 833 893 fructus
851 825 969 892 formas
990 825 1140 902 induunt,
1165 826 1212 891 sic

197 959 282 1025 saepe
301 939 334 1004 in
355 957 543 1022 unoquoque
559 935 714 1001 animanti
735 956 773 1001 ea
787 935 1013 1013 instrumenta,
1036 956 1107 1020 quae
1127 935 1212 1001 inter

197 1068 231 1114 se
247 1046 384 1112 maxime
397 1043 526 1111 differre
542 1043 703 1121 videntur,
716 1065 757 1109 ex
770 1044 920 1110 similium
935 1044 1076 1130 partium
1091 1041 1213 1110 iterati-

198 1177 257 1222 one
272 1157 381 1222 tamen
394 1152 551 1230 oriantur,
567 1152 607 1218 ad
623 1151 767 1218 diversos
783 1173 859 1218 usus
872 1152 1123 1220 immutatarum.
1151 1149 1213 1218 Sed

71 1245 90 1280 ⁸
120 1293 122 1298 v
198 1263 225 1330 si
237 1283 354 1350 magna
366 1262 423 1328 illa
437 1282 546 1329 rerum
565 1264 691 1329 naturae
709 1266 834 1329 secreta
845 1261 996 1348 detegere
1012 1282 1077 1328 non
1089 1259 1210 1347 potuit,

198 1372 364 1438 rationem
383 1370 513 1450 saltem,
547 1389 610 1454 qua
625 1369 666 1436 ad
678 1369 734 1435 illa
748 1369 903 1455 paulatim
920 1370 1071 1460 accedere
1086 1369 1209 1447 liceret,

198 1480 320 1566 primus
333 1479 483 1546 ostendit.

141 1609 143 1620 ·
243 1589 304 1656 Illa
323 1592 432 1655 tamen
454 1588 542 1654 inter
560 1587 718 1676 principia
738 1586 851 1673 quibus
876 1589 978 1680 omnis
995 1588 1146 1684 corporis
1165 1589 1213 1655 vi·
1302 1646 1306 1659 i

198 1698 303 1766 ventis
315 1697 452 1784 figuram
467 1697 633 1783 reginone
645 1701 788 1774 constat,
806 1697 869 1764 hoc
883 1697 1073 1785 Stagiritam
1088 1718 1153 1763 non
1168 1696 1184 1762 f
1201 1735 1213 1746 -

198 1802 281 1872 sellit
299 1831 306 1871 :
322 1825 392 1872 csse
411 1805 445 1870 in
460 1823 649 1889 unoquoque
664 1805 820 1872 animanti
836 1802 976 1873 om'uium
988 1806 1216 1872 instrumento-

189 1929 272 1980 rum
302 1901 483 2000 regularem
513 1913 608 1980 istam
636 1912 876 1999 dispositionem
907 1934 1001 2000 quam
1032 1916 1216 2006 συμμετρίαν

199 2027 327 2101 vocant,
346 2021 393 2088 ita
404 2025 440 2088 ut
451 2023 560 2107 partes
575 2021 661 2088 inter
677 2042 712 2088 se
720 2021 839 2088 similes
852 2022 1027 2110 iisdemque
1043 2023 1153 2091 usibus
1165 2023 1214 2090 in-

200 2131 389 2208 servientes,
405 2130 496 2215 quasi
511 2151 552 2196 ex
568 2129 703 2197 adverso
719 2135 753 2198 et
768 2129 867 2217 aequis
883 2132 917 2198 in
932 2132 1111 2199 intervallis
1129 2133 1211 2211 sitae,

201 2238 260 2306 sibi
276 2239 412 2306 invicem
420 2237 647 2324 respondeant.
661 2238 753 2314 Quod
765 2237 887 2306 duobus
897 2241 999 2307 modis
1012 2239 1082 2306 fieri
1095 2244 1215 2327 potest·

202 2365 335 2433 quorum
350 2347 439 2433 prior
454 2345 690 2413 inanimalibus
706 2346 980 2428 consuetissimus,
1005 2348 1166 2434 posterior
1182 2349 1215 2415 in

201 2455 331 2544 plantis.
940 2527 942 2530 .

247 2565 477 2650 Plerorumque
507 2563 693 2630 animalium
721 2562 825 2650 figura
854 2564 1002 2636 bifariam
1034 2564 1213 2632 dividitur:
1254 2633 1260 2648 x

205 2663 347 2728 membra
358 2665 443 2730 enim
458 2667 491 2730 et
506 2685 577 2749 quae
593 2664 680 2731 intus
705 2662 828 2729 inclusa
844 2667 920 2730 sunt
934 2663 1060 2732 uiscera
1076 2665 1216 2732 sivedu·
1309 2737 1319 2752 x

205 2769 301 2856 plicia
315 2790 373 2857 per
387 2771 476 2858 paria
489 2771 635 2858 opposita
654 2775 729 2838 sunt
746 2793 786 2837 ex
811 2776 947 2858 utroque
964 2772 1056 2839 unius
1073 2772 1143 2840 axis
1169 2772 1216 2838 la·
1306 2857 1307 2864 ἵ

205 2882 291 2958 tere,
310 2878 377 2946 sive
391 2880 493 2974 primo
510 2880 662 2967 adspectu
687 2879 842 2966 simplicia
857 2880 996 2947 medium
1011 2885 1143 2960 tenent;
1162 2881 1219 2947 sed
1246 2902 1247 2906 ¹

204 2988 322 3074 eaipsa
338 3009 408 3074 quae
425 2988 581 3076 simplicia
592 2987 744 3055 ridentur
764 3011 805 3055 ex
822 2989 905 3055 binis
921 2991 1066 3076 partibus
1093 3010 1221 3076 semper

203 3095 352 3164 conflata.
359 3119 431 3165 esse
457 3098 651 3165 Aristoteles
669 3092 785 3166 asserit
801 3125 808 3165 :
827 3131 841 3154 ι·
862 3099 959 3186 Cujus
975 3120 1083 3177 causa,
1102 3099 1217 3185 inquit,

205 3207 363 3293 generalis
380 3210 430 3272 est
441 3207 584 3293 corporis
600 3206 772 3294 descriptio
788 3207 821 3272 in
838 3208 981 3296 geminas
1008 3213 1130 3295 partes·
1143 3207 1220 3273 dex·

205 3317 290 3381 tram
302 3315 528 3401 sinistramque
542 3315 718 3392 discedens,
735 3337 805 3402 quae
818 3320 927 3382 tamen
943 3316 984 3408 ad
996 3315 1220 3404 unumprinci·

206 3423 293 3511 pium
319 3428 564 3491 connectantur.
598 3424 772 3493 Cerebrum
803 3423 903 3510 igitur
932 3425 1120 3512 bipartitum
1152 3446 1222 3490 esse

206 3531 293 3608 vult;
311 3532 429 3620 duplex
444 3538 503 3606 ,est
526 3530 677 3620 cujusque
702 3554 815 3600 sensus
839 3533 1108 3611 instrumentum
1127 3549 1221 3600 renes

207 3660 334 3727 semper
345 3641 485 3729 gemini3
505 3663 561 3709 cor
572 3642 659 3709 intus
690 3643 761 3728 pari
778 3643 914 3728 quadam
940 3643 1066 3710 ratione
1086 3663 1221 3710 excava-
1278 3659 1282 3664 '

184 3825 188 3828 ,
207 3753 292 3842 qrm3
307 3749 467 3836 pulmonis
480 3748 594 3818 divisio
609 3749 643 3816 in
658 3749 787 3840 homine
814 3750 918 3817 minus
950 3751 1133 3838 conspicua,
1167 3750 1234 3825 sed,

208 3858 242 3924 in
254 3857 394 3945 oviparis
407 3861 500 3925 tanta
516 3861 577 3936 est,
595 3861 632 3926 ut
648 3859 738 3947 quasi
754 3858 833 3926 duos
848 3859 1015 3945 pulmones
1035 3855 1158 3928 habere‘
1178 3861 1225 3928 vi·
1247 3859 1249 3868 '

209 3966 363 4047 deantur3
376 3968 410 4034 in
426 3967 600 4057 leporibus,
618 3967 652 4035 in
667 3966 820 4056 piscibus,
828 3968 1016 4054 quibusdam
1032 3991 1096 4037 non
1120 3970 1226 4039 minor

210 4079 260 4142 est
267 4076 420 4163 jecinoris
435 4075 585 4162 partitio;
604 4076 687 4143 unde
695 4075 787 4142 facile
796 4075 933 4145 efficitur
943 4077 1027 4146 hanc
1039 4100 1110 4148 esse
1128 4080 1225 4150 etiam

1081 4201 1097 4250 a
