3134 4938
738 493 919 565 ..14-

202 671 210 686 ·
322 659 395 709 rum
408 639 557 710 intimam
572 657 743 728 corporum
756 641 935 711 viventium
950 641 1149 710 structuram
1163 643 1198 709 et
1211 657 1339 728 compo·

319 749 470 820 sitionem
490 749 704 837 introspicere
723 750 825 830 licuit,
842 749 961 818 similia
975 749 1063 818 intus
1083 753 1117 817 et
1135 749 1170 818 in
1188 749 1340 818 tenuissi-

318 860 380 928 mis
396 860 564 929 elementis
584 860 717 948 reperta
736 865 814 931 sunt
829 879 869 928 ea
883 879 1019 947 qnorum
1033 858 1183 929 vicinitas
1198 862 1293 928 extus
1308 862 1342 928 et
1422 949 1426 953 ι

316 969 411 1038 nudis
427 969 527 1037 oculis
541 972 670 1037 murm
684 973 850 1057 comperta
864 968 981 1038 luerat.

362 1078 527 1146 Praeclare
542 1077 739 1146 Aristoteles
754 1079 840 1145 hanc
855 1097 926 1146 esse
940 1075 1023 1145 vidit
1038 1077 1182 1145 scientiae
1201 1076 1341 1165 neologl·

318 1206 365 1253 cae
375 1185 485 1267 linem,
503 1186 576 1253 illas
588 1207 684 1254 veras
699 1186 884 1254 animalium
900 1186 1109 1274 cognationes
1125 1186 1287 1273 detegere,
1306 1188 1340 1254 et

317 1295 409 1362 illum
424 1296 641 1364 immortalem
664 1299 792 1364 natura
812 1295 958 1362 ordinem
980 1295 1158 1383 specierum
1169 1294 1204 1361 in
1219 1313 1340 1382 genera

264 1481 267 1490 ¹
316 1404 542 1472 distributione
552 1404 715 1472 exhibere.
729 1406 848 1473 Omnes
860 1405 962 1493 igitur
970 1404 1051 1472 istas
1062 1404 1157 1491 ejecit
1166 1404 1339 1471 divisiones

318 1534 390 1600 qnae
406 1535 427 1580 a
442 1515 578 1582 Platone
594 1515 786 1600 caeterisque
805 1514 1005 1601 philosophis
1016 1513 1175 1589 institutae
1196 1512 1337 1590 inerant,

317 1643 390 1709 quae
404 1643 469 1690 non
485 1643 526 1689 ex
541 1626 669 1689 attenta
692 1623 870 1708 specierum
897 1643 1070 1708 earumque
1100 1619 1340 1688 constitutionis

260 1779 265 1796 .
317 1732 569 1818 comparatione,
593 1731 650 1798 sed
666 1752 706 1798 ex
722 1731 887 1799 abstracta
910 1731 1166 1798 consideratione
1189 1727 1339 1796 differen-

316 1840 451 1920 tiarum,
468 1840 774 1926 quaecumqueinter
785 1840 965 1906 animantes
975 1840 1098 1927 concipi
1107 1839 1242 1927 possint,
1258 1838 1340 1905 orie·
1370 1897 1376 1915 p

283 2069 290 2082 ‘
314 2059 399 2124 turae
414 2057 610 2124 serviebant.

360 2167 439 2241 Quae
471 2154 598 2251 quidem
622 2165 778 2250 bipartita
799 2166 940 2233 sectione
963 2165 1082 2252 sapius
1106 2163 1333 2251 procedebant,
1361 2243 1364 2252 y

187 2343 188 2348 ,
314 2273 417 2358 qualis
433 2277 483 2340 est
504 2294 543 2339 ea
562 2293 657 2358 quam
676 2274 710 2339 in
727 2275 873 2340 Platonis
895 2275 1032 2342 Politice
1054 2275 1243 2360 reperimus,
1268 2273 1337 2339 dia-

312 2382 426 2449 lectico
443 2383 517 2449 ludo
541 2383 726 2449 similiorem
746 2410 753 2449 :
773 2383 959 2449 animalium
981 2383 1066 2449 enim
1086 2382 1150 2448 alia
1169 2381 1334 2467 aquatilia,

312 2491 377 2557 alia
391 2491 562 2558 terrestria
582 2492 645 2569 ait;
666 2491 872 2558 terrestrium
891 2497 999 2558 autem
1021 2492 1086 2557 alla
1109 2489 1259 2556 cornibus
1283 2510 1336 2555 ar·

312 2600 407 2677 mari,
423 2601 488 2665 alia
503 2621 634 2677 carere;
659 2600 746 2667 inter
767 2601 917 2667 cornibus
933 2591 1078 2667 carentia
1096 2599 1160 2664 alia
1175 2597 1272 2684 pedes
1288 2585 1336 2663 di-

313 2709 413 2787 uisos,
433 2709 497 2775 alia
512 2709 676 2796 integros3
704 2731 775 2795 quae
800 2731 877 2777 uero
901 2711 1057 2796 integros,
1077 2709 1168 2775 binos
1188 2709 1244 2772 aut
1260 2727 1336 2791 qna-

312 2819 424 2883 ternos
439 2817 575 2894 habere;
594 2817 744 2902 bipedum
760 2819 896 2903 denique
912 2820 976 2884 alia
991 2819 1108 2904 plumis
1123 2816 1253 2894 uestita,
1265 2813 1337 2881 'alia

311 2925 411 3004 nuda,
427 2946 526 3010 eaque
542 2925 657 2992 ultima
679 2925 862 2992 differentia
883 2928 1068 2993 universam
1084 2929 1265 2992 ceterarum
1284 2944 1335 2990 se-

312 3033 394 3097 riem
410 3032 596 3118 perficiente
611 3034 774 3099 hominem
791 3034 971 3121 distinguit.

357 3141 402 3206 At
421 3141 473 3207 hio
491 3141 634 3228 profecto
657 3142 751 3208 Plato
779 3142 961 3208 naturalem
984 3123 1170 3206 animalium
1189 3141 1334 3207 ordinem

312 3269 472 3333 exponere
488 3270 553 3316 non
567 3249 689 3328 volnit;
716 3249 773 3316 sed
797 3250 903 3335 potins
923 3251 957 3315 in
973 3249 1093 3315 Timaeo
1113 3249 1241 3316 uidetur
1255 3248 1335 3315 illud

312 3357 502 3432 tentavisse:
521 3360 624 3434 Quum
637 3359 722 3424 enim
735 3359 768 3423 in
780 3358 841 3424 hoc
860 3359 990 3436 mundo,
1010 3379 1104 3443 quem
1117 3358 1215 3424 oculis
1232 3355 1336 3422 cerni·

312 3486 385 3544 nus,
400 3467 534 3534 totidem
550 3470 676 3542 asserat
688 3467 844 3533 contineri
854 3487 985 3554 genera,
1001 3467 1119 3553 quotin
1129 3471 1334 3550 aeternaper·

311 3575 388 3643 fecti
396 3576 544 3642 animalis
561 3577 665 3662 specie
681 3575 793 3642 formae
809 3597 866 3642 seu
881 3576 962 3642 ideae
978 3576 1100 3651 insunt,
1115 3579 1252 3658 quatuor
1263 3574 1335 3639 haec'

312 3703 433 3770 genera
444 3705 515 3750 esse
528 3684 605 3754 dicit
618 3711 624 3750 :
643 3685 782 3770 primum
795 3684 922 3770 quidem
932 3685 1062 3751 coeleste
1074 3683 1207 3749 deorum
1217 3698 1330 3769 genus,

312 3793 486 3860 secundum
510 3798 618 3861 autem
639 3794 770 3860 volatile
791 3798 825 3860 et
848 3794 989 3870 aerium,
1017 3791 1149 3858 tertium
1173 3791 1330 3875 aquatile,
1358 3785 1372 3812 '

287 3927 292 3960 ι
313 3905 468 3988 quartum
476 3901 612 3987 denique
624 3901 773 3988 pedestre
789 3904 823 3967 et
837 3899 1210 3975 terrestre.'Quarursus
1222 3897 1332 3966 distri·

311 4001 443 4076 butione
462 4009 697 4078 diuersissimas
716 4010 836 4077 formas
859 4011 893 4076 in
909 4009 1020 4076 eodem
1042 4028 1159 4096 genere
1183 4006 1330 4085 includit,

311 4121 349 4186 ut
359 4122 451 4206 patet
466 4140 506 4186 ex
522 4117 664 4206 ejusdem
674 4117 788 4186 Timoei
803 4119 907 4188 altero
919 4118 1000 4196 loco,
1018 4117 1053 4183 in
1073 4137 1134 4203 quo
1152 4115 1331 4203 quadrupe-
