3134 4938
782 521 828 546 -1
842 483 895 550 50
909 521 980 542 .-..

363 628 559 717 legionense
575 626 723 702 insolitas
734 627 855 715 figuras
868 627 939 714 regi
955 625 1208 704 consalutent
1214 625 1283 708 {has
1292 625 1398 712 le'gen·¹

363 736 568 824 experientia
577 736 776 823 collegerint,
789 739 1007 808 monstrorum
1016 735 1240 820 deniqoooom
1252 720 1398 815 intentos:

362 847 452 934 ribus
469 831 634 932 speciebus
651 844 746 912 simili
747 845 896 918 tudinem
908 845 1119 932 agnoverint
1128 844 1233 930 euasi
1246 863 1315 912 rma
1323 849 1386 910 aa
1395 899 1397 904 ,

363 955 497 1040 demque
514 957 600 1028 emet
606 954 650 1020 in
665 953 813 1028 omnibus
830 954 926 1023 vivon
927 953 1038 1024 tibus
1030 951 1242 1078 informandis
1255 955 1383 1036 naturae
1396 1001 1397 1010 ι

273 1083 278 1087 ·
351 1063 412 1132 'vio
419 1063 602 1148 eademque
616 1062 738 1132 ratio
797 1095 799 1098 ·
1302 1089 1305 1096 ⁴
1361 1119 1365 1126 ,

410 1171 486 1240 Sed
488 1171 541 1237 hio
556 1172 637 1238 mult
623 1177 657 1238 ta
673 1172 721 1238 int
723 1193 759 1237 er
707 1171 886 1238 idoctos
908 1141 1065 1238 dissensio
1083 1143 1198 1262 oritur.
1217 1170 1288 1238 Alii·
1298 1169 1396 1238 enim:

363 1280 434 1349 hoec
446 1280 628 1368 praesertim
639 1280 888 1367 perpendentes,
910 1289 1020 1349 omnes
1036 1279 1248 1346 animantium
1263 1278 1382 1346 forinas
1477 1261 1482 1274 ’

364 1373 520 1467 similibus
544 1388 669 1476 legibus
691 1389 778 1475 regi,
792 1403 919 1487 'genera
943 1389 1236 1476 qoaeqm'mnxim'e
1254 1387 1398 1455 diversa*

363 1497 523 1578 continuis
538 1497 714 1567 formarum
729 1497 1138 1586 interjectarumgradibos
1154 1497 1240 1582 inter
1255 1517 1290 1562 se
1305 1517 1399 1580 cone:

359 1605 478 1693 jungi,-
492 1599 798 1692 perfectissimorum
819 1606 1007 1676 animalium
1030 1606 1064 1672 in
1082 1593 1414 1692 germanensem-f

262 1745 266 1760 ³
363 1715 484 1796 ciorum
500 1714 688 1783 inferiorum
705 1719 737 1790 et
760 1714 875 1800 priscis
890 1714 925 1780 in
941 1714 1092 1784 aetatibus
1107 1714 1401 1800 ιιιιιιιιιιιίιιιιιςι-ι

363 1828 528 1902 neseerto
545 1823 658 1892 ordine
681 1843 856 1908 apparere,
882 1822 924 1888 ad
938 1823 1025 1891 hano
1046 1821 1401 1908 sententiam'adduottr

364 1930 440 2013 sunt
460 1935 497 2003 ut
519 1953 616 2008 unam
643 1931 850 2016 eamdemque
875 1952 946 1998 esse
970 1935 1123 2017 putarent
1147 1931 1288 1998 omnium
1310 1929 1399 1996 ani-³

362 2040 520 2106 mentium
535 2041 698 2118 naturam,
725 2039 917 2124 eosdemque
933 2039 1103 2108 facultates
1123 2039 1158 2105 in
1174 2037 1321 2105 omnibus
1336 2038 1396 2122 in·⁴
1472 2111 1476 2124 ¹

363 2148 443 2216 sitas
467 2134 696 2217 consuetudine
719 2151 848 2214 tantum
873 2145 1020 2224 differre,
1040 2147 1086 2214 ita
1107 2150 1144 2213 ut
1164 2147 1228 2212 alia
1248 2168 1294 2213 ex.
1311 2147 1398 2218 ιιιιι..1

363 2257 442 2322 oriri
454 2233 591 2344 possint,
608 2261 705 2342 atque
721 2257 792 2323 ideo
804 2277 915 2323 omnes
931 2256 1112 2342 specierum
1125 2255 1384 2322 diversitatesen

363 2385 472 2432 rerum
496 2365 772 2434 circumstantium
788 2364 959 2432 efficientia
983 2365 1141 2452 originem
1158 2366 1285 2432 ducere.
1304 2365 1385 2430 Ani·

363 2467 566 2544 madvertere
582 2476 667 2542 enirn
687 2475 776 2553 coeli,
795 2474 896 2552 aerio,
920 2474 1054 2554 colonie,
1074 2474 1136 2540 soli
1153 2473 1399 2540 mutationibus.

362 2603 473 2652 rerum
491 2585 668 2654 viventium
691 2584 819 2652 habitus
842 2588 876 2651 et
898 2583 1020 2671 figuras
1042 2584 1227 2662 immutari·;
1247 2581 1397 2669 quintet

329 2703 335 2718 '
363 2697 446 2784 ipsis
461 2697 773 2789 viventibusinesse
798 2697 946 2764 variandi
974 2697 1168 2784 principium
1197 2701 1230 2764 et
1251 2691 1317 2763 'vim
1332 2693 1386 2760 ed·

363 2805 484 2878 formas
499 2807 671 2874 mutandae
686 2806 873 2874 tendentem
892 2833 899 2872 :
919 2828 1005 2892 saepe
1029 2807 1114 2873 enim
1133 2805 1279 2872 accidere
1299 2803 1384 2871 utin

363 2915 475 2982 eodem
491 2915 597 3006 specie
620 2915 764 3002 insignes
781 2913 974 2982 differentiae
988 2919 1178 3001 appareant,
1203 2907 1384 3000 quod-prae

362 3024 475 3091 sertim
489 3024 523 3090 in
538 3024 578 3089 iis
595 3045 674 3110 quas
689 3024 731 3090 ad
747 3045 823 3091 usus
840 3027 969 3091 nostros
986 3025 1262 3091 accommodamus
1279 3021 1383 3089 cerni·

361 3137 428 3200 tur.
448 3133 527 3208 Quae
543 3133 670 3219 quidem
686 3139 742 3200 aut
764 3133 906 3199 definitae
927 3132 1030 3218 partis
1046 3138 1102 3200 aot
1122 3133 1223 3201 totius
1239 3131 1383 3220 corporis

363 3239 522 3308 different
498 3245 553 3308 trae
583 3263 642 3328 pro
662 3242 835 3309 hominum
862 3241 974 3308 arbit
933 3245 997 3308 trio
1011 3242 1123 3308 multo
1150 3243 1288 3330 majores
1312 3240 1407 3308 fieri·

362 3354 508 3438 possunt,
528 3373 554 3416 ιι
545 3348 694 3438 quidem
711 3371 750 3416 ea
765 3351 903 3437 seligant
904 3369 943 3416 or
959 3371 1030 3436 quae
1046 3355 1114 3418 cert
1116 3372 1136 3416 a
1154 3350 1290 3437 quadam
1305 3351 1385 3448 noto

362 3453 500 3550 maxime
515 3464 617 3547 praest
618 3465 712 3528 ante
660 3460 792 3528 t
743 3482 777 3526 ιιι
777 3464 829 3527 ter
845 3481 893 3526 se·
885 3460 1059 3548 ·geminent
1061 3468 1111 3528 ur.
1131 3459 1194 3528 Sed
1209 3460 1285 3540 has,
1304 3445 1382 3546 quas

362 3568 396 3634 in
410 3569 531 3637 brevit
517 3569 672 3656 temporis
678 3567 793 3654 spatio
810 3569 1036 3636 conversiones
1053 3569 1278 3648 observnmnn,
1302 3567 1384 3636 nihil

363 3699 435 3753 esse
457 3699 526 3769 prae
549 3679 588 3744 iis
605 3698 684 3764 quas
700 3678 857 3745 immensa
881 3680 1072 3746 saeculorum
1097 3679 1197 3766 series
1221 3676 1383 3766 gradatim

362 3787 543 3856 adduxerit.
518 3788 664 3874 ttSpon
666 3809 683 3853 e
699 3787 733 3854 in
748 3791 806 3858 nat
807 3809 867 3855 ura
881 3787 952 3854 fieri
969 3787 1138 3875 quamdam
1162 3787 1383 3863 selectionem.

362 3917 459 3996 quum
475 3917 516 3964 ex
532 3896 678 3964 omnibus
693 3896 806 3985 figuris
822 3917 893 3984 quae
914 3897 954 3963 ob
970 3897 1114 3965 diversas
1138 3895 1286 3966 variandi
1306 3915 1381 3962 oau-

362 4025 414 4072 sas
430 4005 564 4076 fortuito
586 4011 644 4074 aut
658 4006 848 4074 necessario
864 4009 1002 4085 noscant
1002 4026 1053 4084 ur,
1071 4004 1279 4076 validissimae
1295 4025 1382 4090 quae-

361 4135 422 4202 que
436 4117 565 4184 tantum
580 4119 752 4184 serventur
772 4119 805 4184 ot
821 4133 897 4200 qum
908 4114 1122 4202 praesentibus
1141 4109 1381 4182 conditionibus
