3134 4938
664 528 845 596 ...11-

240 673 364 761 pellent
376 693 489 740 veram
503 671 592 740 illam
607 672 832 761 cognationem
847 672 973 759 quaevad
988 693 1028 740 ea
1042 675 1171 741 tantum
1187 691 1261 759 pcr-

239 782 324 850 tinet
339 803 410 878 quae
425 783 460 849 in
475 781 587 850 eodem
603 803 722 871 genero
737 782 954 850 continentur.
982 782 1086 870 Hujus
1101 782 1262 870 anadogiae

240 892 497 959 consideratione
512 891 661 960 nituntur
676 892 741 959 illae
757 892 791 957 in
810 891 946 976 diversis
959 891 1130 979 generibus
1146 891 1264 958 forma·

240 1021 313 1068 rum
328 1023 369 1068 ex
386 1001 522 1068 adverso
539 1001 717 1088 positarum
733 1001 897 1087 parallelae
910 1001 1022 1078 serice,
1042 1000 1155 1087 quibus
1175 1021 1263 1088 saepe

238 1130 324 1178 vera*
333 1109 544 1176 animantium
555 1109 707 1176 vicinitas
716 1111 836 1176 rectius
852 1109 1043 1197 exprimitur
1059 1130 1155 1194 quam
1166 1110 1262 1177 unius

240 1219 336 1299 serici
346 1218 603 1299 continuatione.
628 1219 715 1294 Quas
738 1239 804 1285 non
824 1218 1024 1306 ignoravisse
1042 1217 1171 1285 videtur
1185 1219 1262 1285 Ari-

241 1327 374 1396 stoteles
392 1353 400 1393 ι
419 1329 598 1418 ἀντίσροφον
620 1313 705 1392 enim
725 1327 867 1413 appellat
890 1347 960 1394 eam
980 1347 1049 1392 rem
1073 1347 1145 1426 qupe
1167 1327 1264 1394 alteri

239 1435 273 1502 in
289 1436 416 1504 diverso
432 1456 550 1522 genere
566 1436 805 1522 comprehensae
825 1435 968 1504 notanda
983 1434 1191 1502 similitudine
1208 1457 1261 1503 re-

188 1532 190 1538 ’
240 1546 396 1630 spondet;
413 1545 503 1612 velut
518 1545 713 1612 insectorum
735 1544 945 1630 quorumdam
961 1544 1088 1630 lingua,
1119 1565 1181 1628 qua
1196 1564 1263 1611 non

239 1655 366 1720 tantum
382 1653 422 1720 ad
439 1653 641 1719 sentiendum
656 1654 913 1738 trahendumque
936 1652 1059 1730 cibum,
1083 1653 1263 1720 sedetiam

239 1783 298 1848 pro
313 1762 380 1830 telo
396 1759 553 1830 et'aculeo
573 1767 720 1840 utuntur,
738 1761 1005 1848 illam'elephanti
1021 1761 1259 1848 proboscidem,

240 1891 323 1955 quae,
345 1892 443 1956 quum
459 1891 517 1936 sua
532 1875 650 1938 natura
668 1870 758 1938 naris
774 1872 831 1947 sit,
851 1891 965 1937 manus
982 1855 1085 1936 officio
1101 1869 1259 1956 fungitur,
1334 1948 1337 1955 ,

240 1979 348 2064 aliqua
362 1983 508 2066 exparte
523 1979 653 2046 videtur
663 1979 785 2045 imitari
802 1979 892 2064 eique
909 1981 1094 2072 ἀντισρὸφως
1107 1982 1185 2066 ἔχειν
1198 1977 1258 2069 (l).

243 2089 453 2174 Tragicorum
482 2086 609 2171 quidem
638 2086 672 2152 in
698 2088 807 2153 choris
830 2089 847 2162 ἡ
869 2091 1051 2180 ἀντιστροφή
1074 2107 1185 2154 omnes
1209 2097 1262 2165 τῆς

244 2201 375 2291 στροφῆς
388 2196 500 2264 modos
516 2217 730 2282 numerosque
750 2197 872 2274 reddit,
892 2197 948 2264 sed
969 2198 1040 2263 aliis
1056 2197 1163 2264 verbis
1183 2197 1262 2262 alio·

242 2327 301 2391 que
317 2326 432 2383 sensu;
451 2305 625 2390 eademque
640 2306 767 2372 ratione
782 2305 817 2372 in
837 2306 1022 2372 animalium
1038 2305 1150 2374 ordine
1175 2325 1261 2391 saepe

241 2413 278 2480 fit
291 2420 328 2484 ut
342 2414 419 2481 bina
434 2434 565 2502 genera,
585 2414 676 2499 quasi
691 2435 732 2480 ex
748 2414 883 2488 adverso
899 2414 1016 2500 posita,
1032 2413 1129 2479 simili
1143 2413 1262 2479 forma·

239 2544 311 2590 rum
326 2523 502 2589 mutatione
518 2523 712 2609 paribusque
724 2522 882 2610 gradibus
900 2543 959 2608 per
974 2522 1120 2609 geminas
1137 2523 1259 2608 specie-

241 2651 312 2696 rum
332 2630 431 2697 series
445 2629 591 2698 'transire
612 2632 785 2698 rideantur
809 2630 1000 2716 eosdemque
1019 2629 1131 2697 modos
1146 2652 1259 2698 nume·

242 2757 356 2824 rosque
370 2739 510 2806 vicissim
526 2738 660 2808 referre.

284 2847 357 2914 Non
373 2848 433 2913 hac
448 2849 587 2933 partium
602 2850 728 2914 remota
743 2847 902 2936 anatogia,
922 2846 979 2914 sed
992 2846 1116 2916 directa
1134 2851 1168 2915 et
1185 2868 1259 2934 ger-

238 2975 334 3021 mana
349 2954 506 3046 ὁμολογίᾳ,
525 2957 649 3043 species
663 2976 741 3022 vere
757 2956 903 3022 finitimae
923 2958 957 3022 et
977 2959 1125 3042 cognatae
1141 2976 1259 3043 agnos·

237 3067 373 3131 cuntur:
389 3085 427 3137 ea
439 3069 566 3133 tantum
586 3065 620 3130 in
636 3065 748 3130 eodem
764 3051 883 3153 genero
904 3064 1112 3131 continentur
1123 3086 1259 3150 quorum

238 3176 411 3252 structura
422 3173 608 3259 principalis
628 3193 670 3238 ex
689 3173 803 3240 iisdem
824 3173 992 3240 elementis
1008 3172 1157 3242 similiter
1172 3174 1258 3241 loca-

236 3278 278 3345 tis
302 3283 442 3346 constat.
468 3281 577 3346 Genus
598 3281 684 3346 enim
704 3284 794 3348 certa
818 3281 956 3366 quadam
979 3281 1105 3348 ratione
1129 3285 1163 3347 et
1185 3282 1258 3370 lege

236 3388 444 3457 constituitur
464 3409 536 3473 quae
561 3409 672 3455 omnes
696 3389 856 3476 subjectas
879 3387 1002 3475 specics
1018 3389 1188 3474 acqualiter
1202 3411 1256 3456 re-

236 3497 303 3583 git,
331 3490 539 3582 eamdemque
565 3497 707 3583 partium
733 3499 970 3584 praecipuarum
1003 3502 1153 3565 naturam
1180 3519 1256 3565 con-

161 3611 168 3622 '
236 3607 437 3690 stantemque
464 3605 563 3672 situm
583 3604 698 3686 efficit,
725 3625 796 3691 quae
818 3604 905 3697 λόγος
927 3615 980 3684 τῆς
1001 3602 1104 3681 οὐσίας
1120 3605 1160 3674 ab
1179 3605 1256 3674 Aid-

235 3705 351 3773 stotele
366 3707 512 3773 vocatur.

226 3941 265 4002 ’τὸ
278 3943 382 4022 μᾶλλον
394 3943 440 4004 καὶ
456 3944 487 4006 τὸ
509 3935 600 4021 ἧττον,
618 3947 703 4005 ταῦτα
719 3942 871 4014 ὖπίζιυκται
892 3944 930 4006 ἐνὶ
947 3944 1017 4027 γένει
1032 3963 1039 3984 ·
1058 3945 1107 4008 ὅσα
1125 3945 1208 4036 δ’ἔχει
1224 3947 1255 4015 τὸ

235 4039 375 4120 ἀνάλογον,
393 4041 487 4128 χωρίς.
507 4045 548 4102 Da
561 4047 637 4116 part.
653 4041 744 4102 anim.
755 4045 778 4116 1,
792 4047 820 4104 t.
837 4073 862 4086 -
883 4041 970 4117 thid,
984 4047 1012 4104 5.

272 4160 306 4224 ur
325 4159 367 4216 oe
380 4158 557 4232 putenm.
571 4160 609 4233 u,
623 4163 668 4222 ιτ.
689 4189 721 4204 -
734 4157 807 4220 rou.
824 4161 870 4234 rr,
884 4162 901 4218 o
915 4162 1002 4252 otte,
1107 4227 1112 4238 ,
