3134 4938
616 523 796 590 ..1234

195 664 297 732 Plura
320 669 428 732 autem
448 663 676 752 distmguenda
699 685 770 731 esse
788 665 823 732 in
838 665 979 736 insectis
991 687 1127 753 genera,
1147 689 1223 754 qua>

192 774 265 867 ipsa
279 774 377 842 etiam
393 774 458 840 late
469 777 613 860 pateant,
633 773 724 840 illum
739 793 803 840 non
828 773 960 852 fefellit3
978 775 1043 842 imo
1068 777 1215 862 quaedam

191 881 345 950 indicarit
371 879 431 972 (1),
450 903 489 949 ea
519 882 641 950 scilicet
664 862 815 968 quorum‘
828 883 889 949 alae
907 885 1034 972 vaginis
1062 885 1214 972 integun-
1299 945 1303 953 .

191 995 258 1071 tur,
288 991 443 1079 quaejam
463 990 660 1085 κουλεόπτερα
683 996 795 1069 vocat,
819 991 933 1059 deinde
956 1013 1027 1077 quae
1053 1014 1153 1080 apum
1182 999 1216 1062 et
1301 1019 1303 1024 ’

194 1120 365 1187 vesparum
388 1099 499 1168 formae
515 1100 677 1186 proxima,
701 1099 844 1167 moribus
872 1101 1012 1168 maxime
1041 1104 1216 1190 conspicua

192 1213 285 1288 sunt,
305 1230 344 1276 ea
355 1208 490 1296 denique
507 1229 578 1295 quae
593 1208 676 1276 binis
694 1209 754 1276 alis
770 1212 897 1276 tantum
913 1211 1128 1280 instruuntur.

112 1331 117 1336 ’
239 1319 317 1395 oue
331 1315 558 1412 ὀστρακόδερμα
575 1335 633 1384 seu
647 1322 792 1386 testacea
809 1322 904 1386 vocat
924 1340 996 1390 cum
1013 1319 1135 1388 duabus
1159 1341 1223 1388 nom

194 1428 270 1496 stris
285 1425 511 1522 γαστεροπάδων
527 1431 561 1494 et
572 1426 729 1516 ἀκεφάλων
745 1427 902 1494 classibus
918 1427 984 1494 fere
1004 1427 1212 1510 conveniunt,

194 1540 227 1605 et
241 1537 422 1624 philosophi
439 1535 599 1624 μαλακίαις
616 1534 727 1602 addita
747 1555 897 1622 magnam
920 1536 1149 1604 Molluscorum
1165 1559 1215 1604 se·

193 1645 274 1712 riem
286 1644 448 1728 efficiunt,
459 1645 571 1731 Neque
590 1643 753 1731 ignoravit
773 1645 915 1713 omnium
930 1645 1046 1712 horum
1058 1663 1215 1732 generum

194 1753 417 1841 cognationem
436 1779 443 1820 :
459 1752 604 1834 eamdem
620 1753 705 1820 enim
727 1770 798 1819 esse
818 1753 896 1820 dicit
916 1757 1112 1822 structuram
1128 1760 1162 1824 et
1181 1755 1215 1822 in

194 1861 346 1929 Mollibus
361 1861 444 1929 etin
460 1862 637 1939 Testaceis,
656 1861 840 1947 praesertim
855 1861 889 1928 in
910 1862 950 1930 iis
966 1883 1037 1948 quae
1049 1863 1083 1928 in
1095 1863 1215 1949 spiram

193 1969 414 2051 inflectuntur,
436 1969 644 2056 eamdemque
665 1970 806 2056 partium
834 1970 1086 2058 dispositionem,
1117 1993 1213 2058 quum

195 2080 228 2146 in
243 2080 388 2166 utrisque
404 2100 521 2167 corpus
541 2079 789 2178 mediumnquasi
812 2079 997 2166 replicetur,
1016 2080 1064 2149 ita
1082 2084 1119 2149 ut
1133 2102 1214 2168 pars

195 2187 306 2274 infima
320 2187 418 2275 capiti
434 2189 655 2256 admoveatur.

242 2298 396 2373 Quartam
412 2296 592 2383 deniquein
603 2297 754 2365 universo
770 2296 956 2366 animalium
969 2299 1080 2368 ordine
1096 2299 1214 2367 seriem

197 2404 407 2474 Radiatorum
423 2405 491 2472 siue
506 2406 747 2494 Zoophytorum
768 2407 912 2494 plerique
928 2411 1076 2474 auctores
1093 2429 1214 2475 mume·

196 2517 272 2580 rant
295 2539 303 2582 ι
328 2533 464 2601 quorum
491 2515 586 2602 plura
612 2535 733 2601 genera
759 2515 929 2602 descripsit
954 2515 1159 2596 Aristoteles,
1183 2520 1217 2584 et
1337 2520 1339 2529 '

198 2622 341 2706 quamvis
368 2643 407 2689 ea
430 2623 463 2689 in
483 2622 638 2709 peculiari
660 2621 816 2690 divisione
839 2645 904 2690 non
930 2617 1106 2703 locaverit,
1133 2625 1216 2692 vidit

200 2748 276 2795 sane
301 2731 411 2818 quibus
439 2730 628 2799 differentiis
644 2752 665 2798 a
680 2731 806 2799 caeteris
830 2732 1047 2800 animantibus
1070 2754 1215 2800 remove·

197 2840 311 2904 rentur
326 2844 420 2926 atque
435 2840 478 2907 ad
504 2841 634 2927 plantas
658 2840 859 2910 accederent.
886 2841 1084 2908 Echinorum
1105 2845 1216 2928 partes
1261 2845 1265 2852 '

189 2955 283 3023 non,
307 2949 344 3014 ut
367 2947 464 3025 solet,
490 2967 548 3036 per
571 2948 664 3034 paria
685 2949 822 3035 opponi,
849 2948 907 3014 sed
930 2948 1076 3034 quinario
1104 2949 1216 3017 ordine
1305 2966 1308 2975 '

196 3055 296 3141 aequis
309 3055 343 3122 in
354 3055 533 3145 intervallis
550 3077 621 3122 esse
636 3057 758 3143 positas
772 3054 832 3147 (2),
844 3045 892 3124 ita
903 3060 939 3124 ut
951 3053 1096 3143 corporis
1111 3057 1217 3145 figura

197 3165 357 3260 sphaeram
372 3165 536 3243 imitatum
556 3166 693 3233 similem
707 3186 778 3232 esse
789 3166 824 3233 in
836 3166 939 3233 stellis
955 3166 1212 3254 dispositionem,

144 3293 146 3296 ·
197 3295 268 3361 quae
299 3275 535 3363 simplicissima
565 3278 728 3343 structura
758 3278 793 3341 et
821 3274 1008 3362 imperfecto
1044 3295 1141 3342 sensu
1172 3274 1214 3341 ad

196 3382 324 3470 plantas
348 3383 451 3471 magis
475 3365 573 3449 etiam
601 3382 799 3450 descendunt
819 3380 887 3473 (3);
906 3387 976 3450 tum
1002 3383 1124 3450 urticas
1151 3380 1212 3473 (4),

196 3510 331 3578 quarum
358 3491 431 3558 aliae
452 3491 584 3578 rupibus
605 3490 739 3558 marinis
763 3511 890 3578 semper
917 3491 1116 3568 adhaereant,
1142 3490 1215 3570 aliae

196 3599 368 3687 aliquando
389 3599 610 3678 absolvantur,
627 3600 779 3668 fruticum
794 3603 921 3668 naturae
935 3599 1039 3668 adhue
1050 3599 1216 3686 propiores

234 3830 267 3902 (ll
287 3829 478 3901 llistranim,
492 3831 515 3901 l,
529 3832 557 3903 5,
569 3830 691 3902 otlv,7.
798 3879 799 3884 ,

237 3938 270 4006 (2)
289 3941 415 4012 hepart.
430 3936 520 3995 anim.
535 3939 582 4010 lv,
595 3939 622 3996 5.

235 4046 269 4114 (3)
288 4042 362 4102 lbid.
496 4123 499 4129 Ι
653 4107 658 4122 ⁸

236 4155 269 4220 tlt
287 4151 358 4210 llist.
375 4148 582 4221 anim.,v,16,
598 4151 683 4238 eplll,
694 4150 720 4206 6.
