3106 4932
608 541 789 610 ..57ss

161 739 168 749 .
190 667 266 760 vero
282 685 385 753 forma
401 687 442 752 ad
457 689 581 754 certum
606 685 682 764 uitae
703 706 804 772 genus
825 688 1009 754 necessaria
1031 691 1092 755 est.
1120 689 1210 758 Sicut

190 816 267 882 ergo
290 795 403 862 domus
426 799 550 862 certam
570 794 695 880 accepit
715 794 851 862 sormam
869 800 906 863 ut
926 800 1014 864 certo
1036 797 1109 865 usui
1132 802 1210 886 apta

189 908 288 984 esset,
313 900 458 990 quodque
482 904 602 971 animai
625 904 789 990 propriam
810 909 1007 974 structuram
1031 905 1155 992 accepit
1172 910 1211 974 ut

189 1013 353 1101 propriam
368 1012 470 1078 vitam
488 1013 598 1078 uivere
618 1015 738 1099 posset.
763 999 909 1078 Primum
932 1013 1032 1100 igitur
1052 1015 1157 1081 locum
1176 1015 1211 1082 in

191 1121 295 1189 causis
315 1125 406 1192 tenet
420 1121 494 1188 finis
511 1122 551 1187 ad
568 1143 662 1206 quem
677 1141 730 1200 res
743 1141 877 1206 quaeque
898 1121 1080 1189 destinatur
1096 1119 1161 1213 (l).¹
1176 1122 1210 1190 Si
1326 1167 1332 1186 .

156 1261 160 1268 ¹
190 1230 331 1318 cujusvis
347 1229 559 1297 animantium
575 1230 692 1316 speciei
708 1231 868 1298 rationem
879 1214 1014 1296 reddere
1026 1230 1119 1308 veiis,
1132 1230 1212 1298 illud

190 1339 329 1427 primum
344 1338 535 1425 ponendum
549 1338 714 1424 estquod
732 1338 775 1406 sit
793 1338 822 1404 ei
841 1338 971 1406 vivendi
991 1359 1109 1426 genuS,
1137 1337 1211 1405 dein

172 1503 177 1510 .
191 1469 338 1535 quaenam
350 1448 567 1516 instrumenta
586 1448 628 1513 ad
643 1448 727 1514 hanc
742 1448 843 1514 vitam
858 1429 1042 1514 necessaria
1056 1447 1109 1514 vel
1120 1445 1212 1514 utilia

173 1557 267 1638 sint,
286 1560 320 1623 et
335 1556 492 1643 quomodo
509 1575 547 1622 ea
571 1555 690 1642 optime
714 1577 749 1622 se
771 1556 891 1622 habere
914 1556 1059 1641 possiut;
1076 1558 1146 1623 tum
1169 1577 1211 1622 ex
1308 1639 1317 1652 .

173 1687 253 1753 ¹qua
264 1666 401 1732 materia
415 1665 599 1753 hujusmodi
610 1665 828 1735 iustrumenta
843 1670 993 1732 constare
1005 1685 1138 1731 necesse
1149 1665 1209 1742 sit;

188 1779 258 1842 turn
274 1773 402 1840 demum
419 1794 480 1860 quo
497 1773 716 1860 generationis
736 1775 831 1840 modo
846 1775 918 1840 haec
929 1776 1095 1842 structura
1107 1772 1213 1859 possit

189 1882 272 1952 effici
289 1879 349 1972 (2).
374 1882 407 1950 Si
428 1882 526 1968 piscis
552 1883 587 1952 in
613 1883 705 1969 aquis
736 1883 854 1970 degere
877 1886 911 1949 et
930 1882 1055 1968 spirare
1081 1881 1208 1958 debeat,

190 1994 320 2079 oportet
341 1994 378 2058 ut
392 1991 508 2077 pinnas
524 1996 557 2058 et
571 1991 744 2058 branchias
764 1993 962 2076 caeterasque
977 1988 1121 2076 corporis
1136 2009 1211 2076 par·

189 2103 244 2167 tes·
255 2099 302 2167 sic
318 2104 411 2186 aptas
428 2099 559 2178 habeat,
584 2105 641 2168 aut
662 2101 777 2168 saltem
798 2100 899 2169 satius
912 2102 963 2166 est
976 2099 1061 2166 hanc
1077 2119 1147 2165 esse
1159 2119 1212 2166 cu·

186 2210 302 2297 jusque
314 2208 417 2296 partis
434 2208 573 2296 figuram
586 2229 681 2295 quam
702 2209 799 2276 aliter
813 2229 848 2275 se
864 2208 1004 2286 habere;
1022 2206 1079 2273 sed
1095 2211 1131 2274 ut
1141 2205 1213 2274 haeo
1282 2273 1284 2282 ,

170 2389 175 2402 ,
190 2316 407 2384 membrorum
424 2317 611 2403 compositio
628 2316 797 2396 efficiatur,
816 2337 948 2383 neeesse
964 2318 1014 2382 est
1028 2319 1066 2383 ut
1076 2335 1211 2403 genera·

191 2425 237 2492 tio
253 2425 298 2492 sic
309 2425 475 2512 procedat,
491 2431 526 2492 ut
540 2425 592 2492 ovi
607 2425 758 2493 materies
774 2425 834 2491 has
855 2428 888 2491 et
903 2427 962 2491 has
974 2424 1094 2491 formas
1106 2425 1140 2491 in
1151 2424 1212 2490 hoc

192 2534 303 2602 ordine
318 2533 480 2620 gradatim
495 2534 619 2600 induat.
1000 2529 1003 2534 ’

236 2642 311 2710 Non
326 2643 426 2730 igitur
437 2663 510 2709 eum
526 2642 640 2728 priscis
661 2641 726 2708 illis
745 2641 942 2728 philosophis
961 2638 1131 2706 dicendum
1148 2644 1210 2717 est,

195 2750 484 2835 quemadmodum
500 2751 604 2817 imber
615 2752 798 2818 necessario
814 2750 911 2829 cadit,
933 2749 1017 2836 quod
1029 2767 1130 2852 vapor
1142 2769 1213 2816 sur·
1319 2769 1320 2777 ¹

194 2879 265 2926 sum
281 2858 365 2926 latus
376 2882 440 2927 nou
457 2858 563 2947 potuit
578 2880 644 2926 uon
660 2859 847 2946 refrigerari
859 2859 938 2927 etin
950 2877 1066 2944 aquam
1082 2867 1212 2925 concre-

192 2973 245 3071 tus
260 2970 402 3056 po'udere
429 2970 471 3037 ad
497 2974 621 3037 terram
643 2967 733 3049 ferri,
752 2969 848 3035 sicin
868 2967 1084 3035 animantibus
1100 2967 1213 3038 dentes

170 3129 173 3138 .
192 3078 375 3145 necessario
391 3078 492 3156 nasci,
512 3077 693 3145 anteriores
706 3075 833 3163 quidem
846 3080 969 3154 acutos
989 3079 1124 3144 caeteros
1135 3095 1214 3143 uero

192 3185 277 3264 latos
293 3191 326 3254 et
338 3187 570 3274 complanatos,
595 3185 715 3254 nullius
735 3185 810 3252 finis
831 3185 950 3273 gratia,
969 3184 1026 3250 sed
1038 3183 1076 3251 iis
1092 3184 1214 3252 instru-
1245 3189 1247 3196 ’

192 3294 312 3360 mentis
325 3315 396 3380 quae
413 3295 545 3364 fortuito
568 3296 793 3401 contigisspnt‚
817 3295 970 3362 animalia
984 3314 1045 3362 usa
1059 3313 1141 3376 esse.
1160 3294 1215 3361 Fi·
1304 3373 1308 3378 .

194 3402 246 3469 nis
261 3405 376 3470 contra
398 3405 504 3490 prima
520 3425 617 3472 causa
633 3407 683 3471 est
707 3426 748 3471 ex
764 3425 827 3490 qua
849 3408 970 3472 caetera
996 3402 1137 3491 pendent
1152 3398 1211 3492 (3).

231 3699 264 3766 ili
284 3694 359 3754 lbid·
383 3699 512 3760 Φαίνεται
525 3697 553 3760 δὲ
566 3697 657 3782 πρώτη
680 3699 713 3772 ἣν
734 3696 846 3779 λέγομεν
870 3695 946 3758 ἕνεκά
958 3718 1046 3786 τινος·
1067 3691 1145 3775 λόγος
1164 3690 1216 3774 γὰρ

193 3793 282 3878 adcor,
307 3793 376 3880 ἀρχὴ
400 3795 428 3857 δὲ
443 3801 457 3855 ὁ
470 3795 557 3878 λόγος,
584 3795 681 3877 ὁμοίως
704 3795 731 3856 ἔν
753 3819 782 3856 τε
800 3799 854 3862 τοῖς
871 3791 939 3854 κατὰ
953 3790 1050 3876 τέχνην
1063 3788 1108 3852 καὶ
1122 3793 1149 3852 ἓν
1162 3793 1216 3858 τοῖς
1227 3851 1238 3868 ,

192 3891 267 3978 prinei
276 3892 472 3968 συνεστηκόσιν.

231 4018 263 4086 12)
282 4019 323 4074 De
336 4023 412 4091 part.
429 4016 531 4088 euim⁸¹
547 4019 611 4089 1,r.

232 4142 267 4206 ‹a›
288 4139 418 4216 mysia,
433 4143 469 4214 u,
485 4143 511 4199 s.
