3134 4938
727 471 957 604 ῥιν-

353 703 355 712 .
385 699 388 708 ‚
403 659 448 726 11.
474 656 586 727 Prima
600 654 887 727 uuisionecuncta
902 653 1194 725 enunciandam
1210 652 1309 720 series
1325 673 1376 720 re·

359 767 604 853 rigomarum
623 764 715 851 prior¹
728 783 802 832 cum
816 785 857 834 oa
877 784 972 850 quom
993 764 1190 856 recentiores
1211 750 1377 830 vertebra·

359 895 433 942 rum
453 873 629 960 praesentia
647 873 905 942 terminaverunt
922 873 1018 960 plane
1037 871 1198 960 congruit,
1217 871 1378 958 posterior

360 982 468 1050 omnia
489 1002 609 1069 genera
628 981 852 1068 complectitur
879 1003 950 1068 quae
974 980 1134 1050 vertebris
1156 985 1278 1072 carent.
1310 981 1380 1046 Hos

358 1111 437 1158 vero
448 1091 569 1160 classes
579 1090 774 1160 Aristoteles
790 1090 956 1178 sanguinis
967 1095 1086 1160 natura
1100 1088 1261 1167 distinxit,
1281 1107 1380 1155 unam

358 1208 417 1270 τῶν
434 1199 574 1287 ἐναίμων,
597 1199 735 1268 alteram
756 1207 817 1266 τῶν
844 1201 983 1286 &laipno
1000 1198 1178 1286 appellans.
1201 1199 1314 1283 Neque
1327 1199 1379 1262 ta·

359 1329 434 1374 men
459 1308 549 1378 illum
571 1307 686 1380 fefellit
706 1307 819 1393 quibus
844 1308 1047 1394 potissimum
1070 1305 1217 1394 portibus
1239 1309 1273 1372 et
1294 1303 1381 1391 quali

313 1475 319 1488 .
361 1417 505 1504 corporis
539 1417 756 1503 descriptione
790 1415 972 1486 efficeretur
1005 1416 1137 1504 propria
1164 1423 1225 1481 τῶν
1252 1413 1381 1501 ἐναίμων

362 1530 539 1623 structura.
558 1525 620 1594 Illa
634 1526 720 1594 enirn
736 1525 819 1594 vidit
840 1527 910 1593 sola
925 1525 1112 1594 interiorem
1127 1523 1247 1591 habere
1263 1522 1383 1590 ossium

362 1657 549 1724 compagem
562 1633 640 1726 (l),¹
655 1635 690 1702 in
705 1635 883 1722 primisque
905 1635 1004 1702 illam
1017 1635 1105 1702 dorsi
1124 1633 1261 1720 spinam,
1280 1629 1383 1699 conti·

352 1745 562 1814 -nuamsimul
573 1741 1042 1834 etinuertebrasdivisom(2)‚
1054 1741 1384 1828 exquoomnismem·

356 1856 495 1924 brorum
524 1853 713 1943 compositio
733 1853 853 1940 pendet
871 1849 937 1944 (3);
967 1853 1040 1939 ipsa
1059 1857 1170 1920 autem
1190 1849 1335 1917 membra
1350 1847 1383 1914 in

364 1943 763 2050 omnibus'bujusoeseriei
777 1961 949 2050 generibus
964 1959 1116 2028 similiter
1125 1959 1292 2046 disposita,
1308 1973 1383 2024 con·

334 2134 340 2138 .
364 2073 465 2142 stanti
479 2091 614 2139 numero
630 2074 769 2162 quatuor
790 2067 856 2161 (4),
878 2090 950 2156 quae
965 2069 1066 2137 variis
1081 2067 1185 2136 modis
1197 2066 1327 2144 mutari,
1343 2065 1385 2132 ad

353 2201 441 2250 'usus
457 2179 692 2248 diversissimos
707 2178 956 2258 accommodari,
978 2177 1142 2246 interdum
1158 2176 1259 2243 minui
1274 2175 1384 2242 admo·

364 2289 440 2358 dum
451 2288 613 2361 ueletiam
625 2287 754 2356 omnino
766 2287 950 2355 abolescere
962 2290 1117 2375 possunt;
1131 2296 1384 2372 nunquamvero

353 2417 517 2466 *numerus
544 2396 762 2464 membrorum
784 2395 826 2464 ad
842 2398 948 2464 motus
964 2399 1114 2483 aptorum
1138 2395 1173 2461 in
1199 2393 1261 2460 hac
1282 2393 1386 2460 classe

365 2505 469 2595 major
479 2507 551 2574 fieri
566 2510 685 2593 potest.
711 2505 798 2574 Ares
818 2504 939 2592 itaque,
963 2525 1060 2591 quum
1077 2523 1137 2570 sua
1155 2501 1275 2570 nantia
1299 2504 1386 2587 aptae

237 2653 238 2663 ν
366 2616 407 2682 ad
423 2617 595 2685 volandum
619 2635 691 2682 esse
706 2615 873 2692 deberent,
893 2613 1015 2682 duobus
1030 2617 1158 2681 tantum
1173 2610 1308 2703 pedibus
1324 2608 1385 2676 niti

278 2803 284 2814 x
365 2745 498 2793 neccsse
523 2725 585 2794 fuit
602 2749 611 2792 z
636 2727 803 2812 serpentes
818 2726 945 2803 contra,
964 2743 1062 2810 quum
1076 2741 1146 2809 prae
1160 2719 1261 2788 nimia
1276 2736 1389 2804 corpo·

366 2834 412 2901 ris
427 2833 628 2922 longitudino
655 2833 790 2920 pedibus
812 2837 950 2918 quatuor
968 2834 1056 2900 malo
1074 2831 1277 2907 fulcirentur,
1294 2827 1388 2894 istius

367 2943 454 3010 modi
468 2943 620 3010 membris
636 2942 743 3029 potius
759 2941 888 3010 omnino
903 2941 1051 3010 destituti
1071 2943 1159 3020 sunt,
1178 2959 1273 3025 quam
1288 2937 1388 3024 pluri-

360 3050 428 3120 'bus
442 3052 643 3122 insisterent.

412 3161 505 3228 Hanc
520 3161 661 3246 priorem
681 3159 799 3227 seriem
821 3159 987 3228 Ouvierius
1001 3163 1041 3228 et
1061 3158 1204 3246 plerique
1230 3154 1389 3224 recentio-

367 3291 440 3336 rum
465 3269 500 3336 in
526 3272 665 3354 quatuor
697 3269 817 3336 classes
853 3267 1027 3335 dividunt:
1054 3265 1250 3347 Mammalia‚
1284 3260 1408 3344 Aroes

408 3517 442 3591 tlt
460 3521 500 3578 Dc
514 3523 589 3593 part.
606 3517 708 3592 onim,
724 3519 759 3581 ll.
775 3521 803 3590 8,
818 3521 846 3576 9.

407 3630 441 3695 (tl
462 3626 533 3685 illst.
549 3625 653 3698 anim„
668 3627 718 3698 ΙΙΙ,
732 3629 759 3684 7.
775 3625 869 3688 Ilduro
882 3623 910 3688 δὲ
922 3623 956 3686 τὰ
970 3628 1035 3702 ζῶα,
1052 3621 1102 3686 ὅσα
1120 3593 1215 3705 ἔναιμον
1229 3625 1309 3700 ἐστιν,
1330 3621 1387 3708 ἔχει

317 3764 321 3768 -
371 3725 447 3809 ράχιν
461 3723 479 3798 ἢ
494 3723 610 3801 ὀστώδη,
626 3716 644 3798 ἢ
660 3721 809 3800 ἄχανθώδη.

408 3843 502 3934 (3).1)ε
516 3847 591 3914 port.
602 3855 649 3898 an.
667 3841 704 3913 ll,
716 3843 752 3900 9.·
768 3839 855 3926 Ἀρχὴ
873 3839 901 3903 δὲ
923 3846 976 3903 τῶν
996 3843 1081 3904 ὀστῶν
1098 3845 1116 3914 ἡ
1133 3825 1284 3921 καλουμένη
1300 3835 1388 3922 ρνὶχνς,

369 3943 424 4008 τοῖς
446 3937 551 4023 ἔχουσιν
564 3941 631 4000 ὀστᾶ
653 3949 752 4001 πᾶσιν·
779 3933 860 4023 ἀφ’ἧς
884 3940 994 4022 συνεχὴς
1010 3947 1027 4013 ἠ
1046 3939 1099 4002 τῶν
1120 3937 1210 4002 ἄλλων
1230 3939 1315 4000 ὀστῶν
1330 3935 1388 3998 ἐστὶ

369 4035 459 4120 φύσις.
715 4103 717 4108 ,
945 4043 947 4046 ’

407 4158 441 4220 (ll
461 4152 533 4212 Hist.
549 4153 651 4228 onim„
666 4157 726 4227 io.
