3106 4932
771 491 950 555 ..38-

400 635 462 703 Sed
478 655 683 721 quaecumque
710 633 753 700 sit
772 631 856 699 illius
872 632 906 697 in
917 632 993 698 vitae
1005 631 1115 697 formis
1127 632 1161 696 et
1176 630 1368 696 instrumen-

341 746 396 813 ·tis
408 745 596 812 mutationis
609 765 716 818 causa,
736 763 940 828 quaecumque
960 741 1002 807 sit
1018 741 1228 816 diversarum,
1248 739 1368 825 quaein

354 855 472 922 mundo
489 854 629 919 vicissim
646 856 874 938 apparuerunt,
891 850 1067 938 specierum
1084 850 1185 936 origo,
1204 847 1283 914 illud
1297 869 1368 934 pro·

344 965 436 1044 ,fecto
460 963 537 1028 mihi
562 962 774 1028 certissimum
800 980 930 1025 manere
951 960 1089 1035 videtur,
1117 963 1274 1025 aeternum
1299 977 1367 1024 esse

356 1072 467 1157 cuique
483 1070 604 1137 virenti
622 1070 733 1135 formae
755 1069 920 1154 exemplar
941 1071 997 1135 aut
1020 1067 1126 1154 potius
1151 1069 1306 1132 aeternam
1322 1065 1368 1131 le-

356 1202 439 1268 gem,
459 1201 529 1265 quae
542 1165 703 1245 nascentis
719 1179 752 1244 iu
768 1178 904 1244 materia
919 1176 1034 1262 effigiei
1045 1180 1077 1242 et
1093 1179 1264 1242 structurae
1280 1176 1367 1262 prin-

356 1290 472 1375 cipium
489 1275 541 1355 sit.
561 1288 669 1354 Etiam
693 1287 719 1352 si
743 1289 940 1372 compertum
969 1290 1053 1351 esset
1084 1285 1205 1371 species
1229 1279 1308 1350 alias
1329 1307 1369 1351 ex
1407 1341 1409 1348 ,

356 1398 438 1475 aliis,
458 1397 510 1464 vei
525 1418 583 1484 per
599 1397 765 1462 continuos
794 1396 911 1482 gradus
926 1392 963 1460 ac
979 1395 1162 1461 diuturnam
1189 1398 1369 1480 temporum

357 1506 484 1584 seriem,
503 1506 556 1572 vel
571 1507 665 1572 citius
682 1509 714 1571 et
726 1525 784 1592 per
796 1505 918 1572 subitas
934 1525 1043 1570 rerum
1055 1503 1303 1579 vicissitudines,
1317 1505 1369 1569 vel

357 1615 454 1680 etiam
470 1615 502 1680 vi
514 1603 612 1680 insita
632 1617 688 1680 aut
711 1613 866 1679 instincta¹
887 1613 964 1678 oriri
988 1612 1142 1698 potuisse,
1159 1611 1238 1677 illud
1261 1620 1368 1678 tamen

356 1723 538 1790 firmissime
565 1737 817 1810 perseverarem,
844 1722 915 1788 istis
937 1721 970 1787 in
985 1727 1165 1808 temporum
1189 1721 1391 1787 conversio--

356 1832 462 1911 nibus,
481 1832 513 1897 in
530 1833 760 1898 elementorum
777 1831 972 1896 exteriorum
988 1830 1092 1896 autin
1108 1829 1370 1896 consuetudinum

358 1941 535 2008 mutatione
554 1941 768 2006 conditionem
791 1944 918 2006 tantum
943 1941 975 2006 et
997 1938 1206 2014 occasionem,
1232 1943 1268 2006 ut
1284 1960 1369 2025 quae-

358 2069 418 2134 que
434 2033 566 2115 definita
580 2049 684 2115 forma
699 2049 731 2114 in
748 2049 884 2114 materia
900 2049 1081 2134 appareret,
1096 2068 1161 2112 non
1176 2068 1286 2114 veram
1298 2069 1371 2115 cau·
1420 2136 1421 2140 Ἰ

319 2197 320 2204 ,
359 2178 427 2224 sam
443 2161 476 2224 et
490 2159 649 2224 rationem
665 2157 816 2244 cujusque
834 2161 1005 2250 structurae
1021 2157 1129 2222 fuisse.
1148 2158 1287 2223 AEterna
1302 2179 1369 2222 ma·
1463 2168 1470 2184 '

357 2265 465 2344 nebat,
486 2271 656 2352 antequam
672 2266 705 2331 iu
725 2266 823 2332 terris
839 2267 990 2344 oriretur,
1010 2265 1160 2351 cujusque
1184 2267 1301 2352 speciei
1312 2287 1369 2332 na-

358 2380 444 2453 tura,
463 2375 603 2442 omnium
620 2374 762 2461 corporis
775 2375 915 2460 partium
930 2373 1095 2466 fabricam,
1110 2375 1226 2453 locum,
1246 2396 1371 2462 compo·

359 2484 524 2563 sitionem,
554 2483 700 2571 figuram*
723 2483 1025 2571 generationemque
1049 2483 1230 2569 complexa,
1259 2483 1306 2551 ita
1333 2489 1371 2551 ut

360 2595 465 2660 omnia
480 2593 537 2659 illa
552 2593 711 2659 elementa
726 2594 812 2659 inter
832 2613 866 2658 se
886 2595 960 2678 apte
984 2592 1203 2658 consentirent
1219 2597 1314 2677 atque
1331 2593 1371 2658 ad

288 2695 291 2704 ’
359 2724 457 2768 unum
473 2702 569 2768 finem
585 2705 824 2768 concurrerent.
843 2703 955 2787 Neque
970 2701 1044 2767 huic
1057 2703 1251 2767 aeternorum
1268 2722 1371 2766 exem-

358 2811 497 2896 plarium
512 2811 665 2898 potentiae
689 2812 864 2877 formarum
880 2811 1056 2878 viventium
1072 2810 1105 2875 in
1120 2809 1199 2875 alias
1215 2809 1371 2876 transitus

360 2921 487 2986 omniuo
499 2922 674 3006 repugnat;
694 2920 721 2985 si
740 2920 866 3005 quidem
881 2919 933 2985 ille
950 2919 1018 3004 ipse
1033 2920 1128 3006 hujus
1140 2919 1315 2986 formarum
1328 2941 1371 2985 ae-

358 3029 522 3096 ternitatis
538 3029 659 3115 primus
675 3033 787 3095 auctor
803 3029 897 3096 Plato
913 3030 1088 3095 bestiarum
1105 3049 1224 3116 genera
1239 3029 1373 3096 credidit

281 3153 285 3176 ἱ
359 3159 400 3204 ex
411 3137 592 3203 hominibus
607 3138 750 3223 potuisse
767 3137 856 3215 oriri,
875 3137 1008 3222 ideoque
1035 3136 1202 3203 inferiores
1214 3137 1340 3224 ¹species
1353 3159 1374 3202 a

359 3245 576 3332 superioribus
594 3246 863 3332 degeneravisse:
889 3251 1014 3313 naturae
1039 3247 1124 3313 euim
1138 3244 1373 3333 progressionis

358 3354 447 3420 nulla
462 3355 492 3420 ei
508 3358 580 3420 erat
602 3354 751 3440 suspicio.
775 3354 881 3421 Aliter
903 3357 1013 3421 tamen
1036 3358 1145 3425 censet
1167 3354 1370 3434 Aristoteles,

359 3464 474 3551 quippe
494 3463 548 3550 qui
568 3463 718 3530 animalia
735 3463 842 3550 potius
869 3466 999 3550 putaret
1015 3485 1032 3530 e
1047 3468 1138 3530 terra
1159 3469 1272 3550 sponte
1296 3467 1375 3532 nata

358 3593 441 3652 esse,
458 3573 522 3640 nisi
534 3594 660 3659 semper
675 3573 709 3639 in
725 3573 843 3640 mundo
856 3573 1058 3640 exstitissent
1074 3570 1133 3662 (1).

404 3683 577 3761 Caeterum,
602 3682 746 3770 quamuis
774 3703 795 3748 a
816 3682 952 3750 Platone
971 3683 1079 3749 multis
1094 3682 1129 3748 in
1143 3681 1221 3749 locis
1236 3702 1374 3770 praeser-

324 3840 327 3850 =
359 3793 479 3878 timque
499 3793 539 3859 de
556 3791 701 3860 idearum
720 3795 844 3860 natura
858 3791 1061 3870 dissentiens,
1080 3791 1114 3858 in
1133 3792 1194 3858 hoc
1210 3812 1287 3858 sane
1302 3812 1375 3858 cum

357 3902 412 3968 illo
428 3901 587 3980 convenit,
606 3905 642 3971 ut
664 3905 802 3970 aeternas
827 3921 898 3968 esse
914 3903 1038 3970 statuat
1058 3921 1168 3968 rerum
1184 3901 1340 3969 essentias
1361 3927 1368 3966 :

395 4136 429 4200 ut
449 4135 603 4205 Degener.
618 4131 719 4202 euim,
735 4133 784 4204 lu,
798 4134 843 4189 m.
