3106 4932
590 555 770 624 ...91...⁸

171 722 234 788 qua
249 723 360 770 omnes
376 702 525 770 essentiae
553 701 771 776 continentur,
797 698 900 765 omnis
919 698 953 764 in
968 697 1064 766 rebus
1083 703 1188 766 muta·

169 811 267 878 tionis
279 814 312 877 et
330 814 436 878 motus
456 809 650 878 immobilem
666 829 737 876 esse
753 828 898 886 oausam
920 806 1073 874 muudum
1089 807 1186 886 enim,

170 921 203 985 et
227 918 334 985 omnia
350 940 420 1005 quae
439 918 607 986 inmundo
629 918 751 995 insunt,
769 915 810 982 ad
826 935 984 984 summam
995 913 1190 984 absolutam·

168 1045 231 1113 que
242 1027 330 1094 illam
342 1026 581 1114 perfectionem,
596 1025 687 1112 quasi
700 1044 809 1092 amore
822 1026 854 1090 et
865 1022 1024 1091 desiderio
1036 1023 1186 1110 impulsa,

169 1138 323 1223 perpetuo
346 1136 491 1205 tendere.
519 1136 582 1204 Sed
601 1139 637 1203 ut
661 1153 747 1201 nunc
771 1153 916 1220 quaerere
932 1132 1078 1200 omittam
1104 1131 1189 1203 unde

169 1245 293 1311 oriatur
315 1243 369 1311 ille
384 1245 419 1310 in
433 1242 530 1312 rebu‘s
546 1265 643 1312 sensu
657 1243 768 1311 vacuis
787 1262 879 1308 amor
901 1245 934 1308 et
954 1240 1126 1328 appetitus,
1150 1240 1189 1308 il-

169 1351 224 1418 lud
240 1356 327 1420 certe
339 1373 404 1420 non
419 1351 623 1441 intelligitur,
647 1351 803 1438 quomodo
824 1349 889 1419 ista
904 1349 1101 1437 appetitione
1124 1348 1191 1416 effi·

169 1466 298 1530 seretur
312 1461 487 1528 formarum
506 1461 540 1528 in
555 1449 726 1528 materiam
744 1458 899 1540 inductio,
924 1457 1022 1526 etiam
1034 1458 1062 1524 si
1076 1457 1189 1546 vulga·

169 1589 238 1638 rem
261 1571 475 1638 animantium
490 1591 532 1636 ex
552 1568 708 1636 similibus
734 1565 922 1654 parentibus
949 1565 1190 1654 generationem

169 1677 369 1755 consideres;
400 1678 500 1745 multo
522 1678 638 1765 magis,
673 1678 702 1744 si
729 1679 939 1764 spontaneam
960 1675 1071 1753 istam,
1095 1695 1190 1762 quam

168 1786 263 1873 pauci
290 1786 385 1853 hodic
402 1787 483 1854 etin
498 1785 639 1853 minimis
669 1788 797 1853 tantum
823 1784 969 1852 bestiolis
1000 1782 1187 1864 defendunt,

168 1914 266 1980 quarn
294 1897 402 1961 autem
432 1895 625 1963 Aristoteles
641 1893 801 1960 tumultis
816 1890 989 1981 generibus
1004 1897 1191 1961 consuetam

168 2023 240 2070 esse
255 1990 418 2081 voluerat,
442 2003 498 2070 sed
512 2003 664 2082 maxime,
688 1986 716 2069 si
733 2002 871 2090 primam
893 2001 1071 2089 specierum
1092 2001 1190 2088 origi·

168 2131 243 2178 nem
258 2111 426 2178 intuearis.
922 2119 927 2126 '
989 2169 992 2183 .

215 2221 321 2294 Quum
330 2220 416 2286 enim
428 2220 607 2288 certissime
618 2241 704 2287 nnnc
716 2222 842 2287 constet
851 2219 973 2306 species
986 2239 1052 2285 non
1063 2239 1192 2305 semper

170 2327 301 2396 easdem
319 2329 466 2395 interris
488 2328 621 2406 vixisse,
641 2329 697 2395 sed
724 2329 830 2416 longis
857 2331 1038 2415 temporum
1069 2327 1192 2394 vicissi-

170 2435 336 2504 tudinibus
363 2436 444 2528 alias
459 2437 606 2517 interire,
625 2437 705 2503 alias
732 2437 833 2515 nasci,
851 2456 983 2503 necesse
1004 2437 1111 2502 estut
1134 2435 1192 2503 ali·

173 2544 298 2629 quando
329 2566 371 2612 ex
405 2546 536 2612 aeternis
560 2545 625 2612 illis
649 2544 885 2631 exemplaribus
907 2537 941 2610 in
962 2542 1131 2612 materiam
1158 2548 1192 2612 et

172 2649 308 2738 c'orpo‘ra
330 2654 567 2721 descenderint.
599 2654 690 2729 Quod
710 2653 864 2740 explicari
890 2673 955 2719 nou
981 2654 1100 2738 potest,
1125 2651 1189 2720 nisi

170 2760 362 2846 cogitaveris
384 2762 526 2830 divinam
541 2763 629 2828 illam
648 2767 799 2839 mentem,
823 2760 857 2828 in
878 2782 941 2848 qua
970 2780 1081 2828 omnes
1111 2781 1187 2830 con-

169 2868 314 2936 tinentur
339 2891 448 2937 rerum
464 2871 575 2938 formae
601 2874 635 2937 et
657 2871 813 2948 rationes,
831 2869 957 2937 actione
972 2869 1105 2956 propria
1120 2889 1189 2936 ma·

167 2977 283 3044 teriam
312 2999 438 3067 regere,
472 2978 645 3057 moderari,
674 2978 835 3067 gradatim
866 2977 1058 3057 informere;
1087 2981 1184 3065 atque

168 3105 209 3151 ex
220 3106 259 3150 ea
275 3087 400 3154 actione
416 3086 495 3154 oriri
505 3107 571 3181 non
586 3089 713 3155 tantum
730 3107 842 3155 aarum
857 3087 965 3176 legum
976 3089 1184 3174 potestatem,

168 3191 281 3277 quibus
298 3195 450 3281 cujusque
470 3194 587 3280 speciei
610 3171 853 3283 natura'paret,
873 3195 1049 3283 quibusque
1068 3215 1190 3284 genera

168 3301 410 3387 communiaque
437 3303 634 3389 exemplaria
660 3304 919 3383 constituuntnr;
949 3304 1006 3371 sed
1033 3304 1189 3390 quasdam

168 3408 267 3476 etiam
282 3408 363 3475 alias
377 3410 465 3498 leges
481 3431 552 3497 quae
567 3411 744 3480 formarum
761 3413 972 3480 mutationem
988 3416 1021 3480 et
1036 3431 1187 3500 progres-

168 3515 291 3583 sionem
306 3520 435 3604 regant,
452 3518 551 3587 itaut
567 3519 664 3586 certis
685 3519 837 3608 gradibus
860 3525 1038 3607 appareant
1050 3519 1187 3587 diversae

167 3645 322 3714 generum
341 3627 581 3714 specierumque
603 3630 741 3695 naturae.
770 3629 823 3697 Sic
842 3629 1041 3716 intelligetur
1055 3648 1119 3715 qua
1132 3648 1186 3696 ra·

163 3733 254 3802 tione
277 3733 312 3800 in
327 3733 391 3801 illis
406 3736 475 3802 tam
502 3734 711 3803 dissimilibus
734 3736 945 3806 animantium
972 3735 1104 3805 caetibus
1132 3736 1186 3822 qui

165 3845 288 3910 terram
311 3841 454 3910 vicissim
479 3843 670 3931 possedere,
693 3844 878 3913 eorumdem
902 3865 1056 3934 generum
1072 3843 1185 3916 forme

166 3971 251 4038 saepe
266 3955 491 4039 permaneant,
511 3953 609 4048 etiam
621 3974 717 4041 quum
729 3953 852 4040 species
866 3937 1043 4024 mutentur.
1058 3955 1184 4043 Exque

164 4058 204 4126 fit
217 4062 255 4126 ut
269 4059 390 4149 aliquid
407 4062 502 4136 Plato
521 4061 641 4130 vidisse
662 4063 822 4141 rideatur,
847 4083 944 4150 quum
967 4082 1033 4130 non
1055 4065 1184 4164 tantum

165 4167 343 4255 speciebus,
374 4169 433 4238 sed
450 4170 621 4259 generibus
642 4171 741 4242 etiam
759 4171 900 4262 aliquam
922 4171 1099 4260 potentiam
1122 4172 1182 4240 tri·
